%% This BibTeX bibliography file was created using BibDesk.
%% http://bibdesk.sourceforge.net/


%% Created for Carlos Cinelli at 2020-03-03 18:33:30 -0800


%% Saved with string encoding Unicode (UTF-8)



@article{sensemakr:R,
	Author = {Cinelli, C and Hazlett, C},
	Date-Added = {2020-03-03 18:30:46 -0800},
	Date-Modified = {2020-03-03 18:30:46 -0800},
	Journal = {R package Version 0.2},
	Title = {sensemakr: sensitivity analysis tools for OLS},
	Volume = {2},
	Year = {2020}}

@article{sensemakr:stata,
	Author = {Cinelli, Carlos and Ferwerda, Jeremy and Hazlett, Chad},
	Date-Added = {2020-03-03 18:30:46 -0800},
	Date-Modified = {2020-03-03 18:30:46 -0800},
	Journal = {Stata Package v1.0},
	Title = {sensemakr for Stata: sensitivity analysis tools for OLS},
	Year = {2020}}

@article{hazlett:jcr2019,
	Author = {Hazlett, Chad},
	Date-Added = {2020-02-28 18:28:25 -0800},
	Date-Modified = {2020-02-28 18:28:25 -0800},
	Journal = {Journal of Conflict Resolution},
	Pages = {0022002719879217},
	Publisher = {SAGE Publications Sage CA: Los Angeles, CA},
	Title = {Angry or Weary? How Violence Impacts Attitudes toward Peace among Darfurian Refugees},
	Year = {2019},
	Bdsk-File-1 = {YnBsaXN0MDDSAQIDBFxyZWxhdGl2ZVBhdGhZYWxpYXNEYXRhXxCILi4vLi4vLi4vTGlicmFyeS9GaWxlcy9oYXpsZXR0L2hhemxldHQgKDIwMTkpIC0gIGFuZ3J5IG9yIHdlYXJ5IGhvdyB2aW9sZW5jZSBpbXBhY3RzIGF0dGl0dWRlcyB0b3dhcmQgcGVhY2UgYW1vbmcgZGFyZnVyaWFuIHJlZnVnZWVzLnBkZk8RAuoAAAAAAuoAAgAADE1hY2ludG9zaCBIRAAAAAAAAAAAAAAAAAAAAAAAAABCRAAB/////x9oYXpsZXR0ICgyMDE5KSAtICAjRkZGRkZGRkYucGRmAAAAAAAAAAAAAAAAAAAAAAAAAAAAAAAAAAAAAAAAAAD/////AAAAAAAAAAAAAAAAAAMABAAACiBjdQAAAAAAAAAAAAAAAAAHaGF6bGV0dAAAAgCdLzpVc2VyczpjYXJsb3NjaW5lbGxpOkRyb3Bib3g6TGlicmFyeTpGaWxlczpoYXpsZXR0OmhhemxldHQgKDIwMTkpIC0gIGFuZ3J5IG9yIHdlYXJ5IGhvdyB2aW9sZW5jZSBpbXBhY3RzIGF0dGl0dWRlcyB0b3dhcmQgcGVhY2UgYW1vbmcgZGFyZnVyaWFuIHJlZnVnZWVzLnBkZgAADgDUAGkAaABhAHoAbABlAHQAdAAgACgAMgAwADEAOQApACAALQAgACAAYQBuAGcAcgB5ACAAbwByACAAdwBlAGEAcgB5ACAAaABvAHcAIAB2AGkAbwBsAGUAbgBjAGUAIABpAG0AcABhAGMAdABzACAAYQB0AHQAaQB0AHUAZABlAHMAIAB0AG8AdwBhAHIAZAAgAHAAZQBhAGMAZQAgAGEAbQBvAG4AZwAgAGQAYQByAGYAdQByAGkAYQBuACAAcgBlAGYAdQBnAGUAZQBzAC4AcABkAGYADwAaAAwATQBhAGMAaQBuAHQAbwBzAGgAIABIAEQAEgCbVXNlcnMvY2FybG9zY2luZWxsaS9Ecm9wYm94L0xpYnJhcnkvRmlsZXMvaGF6bGV0dC9oYXpsZXR0ICgyMDE5KSAtICBhbmdyeSBvciB3ZWFyeSBob3cgdmlvbGVuY2UgaW1wYWN0cyBhdHRpdHVkZXMgdG93YXJkIHBlYWNlIGFtb25nIGRhcmZ1cmlhbiByZWZ1Z2Vlcy5wZGYAABMAAS8AABUAAgAU//8AAAAIAA0AGgAkAK8AAAAAAAACAQAAAAAAAAAFAAAAAAAAAAAAAAAAAAADnQ==}}

@article{cinelli:wp2020,
	Author = {Cinelli, Carlos and Hazlett, Chad},
	Date-Added = {2020-02-28 16:16:40 -0800},
	Date-Modified = {2020-02-28 16:17:28 -0800},
	Journal = {Working Paper},
	Title = {An omitted variable bias framework for sensitivity analysis of instrumental variables},
	Year = {2020}}

@article{franks:jasa2019,
	Author = {Franks, Alex and D'Amour, Alex and Feller, Avi},
	Date-Added = {2020-01-02 11:43:43 -0800},
	Date-Modified = {2020-01-02 11:43:43 -0800},
	Journal = {Journal of the American Statistical Association},
	Keywords = {sensitivity analysis; nonparametric;},
	Number = {just-accepted},
	Pages = {1--38},
	Publisher = {Taylor \& Francis},
	Title = {Flexible sensitivity analysis for observational studies without observable implications},
	Year = {2019},
	Bdsk-File-1 = {YnBsaXN0MDDSAQIDBFxyZWxhdGl2ZVBhdGhZYWxpYXNEYXRhXxCKLi4vLi4vLi4vTGlicmFyeS9GaWxlcy9mcmFua3MvZnJhbmtzICgyMDE5KSAtICBmbGV4aWJsZSBzZW5zaXRpdml0eSBhbmFseXNpcyBmb3Igb2JzZXJ2YXRpb25hbCBzdHVkaWVzIHdpdGhvdXQgb2JzZXJ2YWJsZSBpbXBsaWNhdGlvbnMucGRmTxEC8gAAAAAC8gACAAAMTWFjaW50b3NoIEhEAAAAAAAAAAAAAAAAAAAAAAAAAEJEAAH/////H2ZyYW5rcyAoMjAxOSkgLSAgZiNGRkZGRkZGRi5wZGYAAAAAAAAAAAAAAAAAAAAAAAAAAAAAAAAAAAAAAAAAAP////8AAAAAAAAAAAAAAAAAAwAEAAAKIGN1AAAAAAAAAAAAAAAAAAZmcmFua3MAAgCfLzpVc2VyczpjYXJsb3NjaW5lbGxpOkRyb3Bib3g6TGlicmFyeTpGaWxlczpmcmFua3M6ZnJhbmtzICgyMDE5KSAtICBmbGV4aWJsZSBzZW5zaXRpdml0eSBhbmFseXNpcyBmb3Igb2JzZXJ2YXRpb25hbCBzdHVkaWVzIHdpdGhvdXQgb2JzZXJ2YWJsZSBpbXBsaWNhdGlvbnMucGRmAAAOANoAbABmAHIAYQBuAGsAcwAgACgAMgAwADEAOQApACAALQAgACAAZgBsAGUAeABpAGIAbABlACAAcwBlAG4AcwBpAHQAaQB2AGkAdAB5ACAAYQBuAGEAbAB5AHMAaQBzACAAZgBvAHIAIABvAGIAcwBlAHIAdgBhAHQAaQBvAG4AYQBsACAAcwB0AHUAZABpAGUAcwAgAHcAaQB0AGgAbwB1AHQAIABvAGIAcwBlAHIAdgBhAGIAbABlACAAaQBtAHAAbABpAGMAYQB0AGkAbwBuAHMALgBwAGQAZgAPABoADABNAGEAYwBpAG4AdABvAHMAaAAgAEgARAASAJ1Vc2Vycy9jYXJsb3NjaW5lbGxpL0Ryb3Bib3gvTGlicmFyeS9GaWxlcy9mcmFua3MvZnJhbmtzICgyMDE5KSAtICBmbGV4aWJsZSBzZW5zaXRpdml0eSBhbmFseXNpcyBmb3Igb2JzZXJ2YXRpb25hbCBzdHVkaWVzIHdpdGhvdXQgb2JzZXJ2YWJsZSBpbXBsaWNhdGlvbnMucGRmAAATAAEvAAAVAAIAFP//AAAACAANABoAJACxAAAAAAAAAgEAAAAAAAAABQAAAAAAAAAAAAAAAAAAA6c=}}

@article{cinelli:icml2019,
	Author = {Cinelli, Carlos and Kumor, Daniel and Chen, Bryant and Pearl, Judea and Bareinboim, Elias},
	Date-Added = {2020-01-02 11:39:40 -0800},
	Date-Modified = {2020-01-02 11:39:40 -0800},
	Journal = {International Conference on Machine Learning},
	Keywords = {sensitivity analysis;},
	Read = {1},
	Title = {Sensitivity Analysis of Linear Structural Causal Models},
	Year = {2019},
	Bdsk-File-1 = {YnBsaXN0MDDSAQIDBFxyZWxhdGl2ZVBhdGhZYWxpYXNEYXRhXxBsLi4vLi4vLi4vTGlicmFyeS9GaWxlcy9jaW5lbGxpL2NpbmVsbGkgKDIwMTkpIC0gIHNlbnNpdGl2aXR5IGFuYWx5c2lzIG9mIGxpbmVhciBzdHJ1Y3R1cmFsIGNhdXNhbCBtb2RlbHMucGRmTxECegAAAAACegACAAAMTWFjaW50b3NoIEhEAAAAAAAAAAAAAAAAAAAAAAAAAEJEAAH/////H2NpbmVsbGkgKDIwMTkpIC0gICNGRkZGRkZGRi5wZGYAAAAAAAAAAAAAAAAAAAAAAAAAAAAAAAAAAAAAAAAAAP////8AAAAAAAAAAAAAAAAAAwAEAAAKIGN1AAAAAAAAAAAAAAAAAAdjaW5lbGxpAAACAIEvOlVzZXJzOmNhcmxvc2NpbmVsbGk6RHJvcGJveDpMaWJyYXJ5OkZpbGVzOmNpbmVsbGk6Y2luZWxsaSAoMjAxOSkgLSAgc2Vuc2l0aXZpdHkgYW5hbHlzaXMgb2YgbGluZWFyIHN0cnVjdHVyYWwgY2F1c2FsIG1vZGVscy5wZGYAAA4AnABNAGMAaQBuAGUAbABsAGkAIAAoADIAMAAxADkAKQAgAC0AIAAgAHMAZQBuAHMAaQB0AGkAdgBpAHQAeQAgAGEAbgBhAGwAeQBzAGkAcwAgAG8AZgAgAGwAaQBuAGUAYQByACAAcwB0AHIAdQBjAHQAdQByAGEAbAAgAGMAYQB1AHMAYQBsACAAbQBvAGQAZQBsAHMALgBwAGQAZgAPABoADABNAGEAYwBpAG4AdABvAHMAaAAgAEgARAASAH9Vc2Vycy9jYXJsb3NjaW5lbGxpL0Ryb3Bib3gvTGlicmFyeS9GaWxlcy9jaW5lbGxpL2NpbmVsbGkgKDIwMTkpIC0gIHNlbnNpdGl2aXR5IGFuYWx5c2lzIG9mIGxpbmVhciBzdHJ1Y3R1cmFsIGNhdXNhbCBtb2RlbHMucGRmAAATAAEvAAAVAAIAFP//AAAACAANABoAJACTAAAAAAAAAgEAAAAAAAAABQAAAAAAAAAAAAAAAAAAAxE=},
	Bdsk-File-2 = {YnBsaXN0MDDSAQIDBFxyZWxhdGl2ZVBhdGhZYWxpYXNEYXRhXxBqLi4vLi4vTGlicmFyeS9GaWxlcy9jaW5lbGxpL2NpbmVsbGkgKDIwMTlhKSAtICBzZW5zaXRpdml0eSBhbmFseXNpcyBvZiBsaW5lYXIgc3RydWN0dXJhbCBjYXVzYWwgbW9kZWxzLnBkZk8RAnwAAAAAAnwAAgAADE1hY2ludG9zaCBIRAAAAAAAAAAAAAAAAAAAAAAAAABCRAAB/////x9jaW5lbGxpICgyMDE5YSkgLSAjRkZGRkZGRkYucGRmAAAAAAAAAAAAAAAAAAAAAAAAAAAAAAAAAAAAAAAAAAD/////AAAAAAAAAAAAAAAAAAIABAAACiBjdQAAAAAAAAAAAAAAAAAHY2luZWxsaQAAAgCCLzpVc2VyczpjYXJsb3NjaW5lbGxpOkRyb3Bib3g6TGlicmFyeTpGaWxlczpjaW5lbGxpOmNpbmVsbGkgKDIwMTlhKSAtICBzZW5zaXRpdml0eSBhbmFseXNpcyBvZiBsaW5lYXIgc3RydWN0dXJhbCBjYXVzYWwgbW9kZWxzLnBkZgAOAJ4ATgBjAGkAbgBlAGwAbABpACAAKAAyADAAMQA5AGEAKQAgAC0AIAAgAHMAZQBuAHMAaQB0AGkAdgBpAHQAeQAgAGEAbgBhAGwAeQBzAGkAcwAgAG8AZgAgAGwAaQBuAGUAYQByACAAcwB0AHIAdQBjAHQAdQByAGEAbAAgAGMAYQB1AHMAYQBsACAAbQBvAGQAZQBsAHMALgBwAGQAZgAPABoADABNAGEAYwBpAG4AdABvAHMAaAAgAEgARAASAIBVc2Vycy9jYXJsb3NjaW5lbGxpL0Ryb3Bib3gvTGlicmFyeS9GaWxlcy9jaW5lbGxpL2NpbmVsbGkgKDIwMTlhKSAtICBzZW5zaXRpdml0eSBhbmFseXNpcyBvZiBsaW5lYXIgc3RydWN0dXJhbCBjYXVzYWwgbW9kZWxzLnBkZgATAAEvAAAVAAIAFP//AAAACAANABoAJACRAAAAAAAAAgEAAAAAAAAABQAAAAAAAAAAAAAAAAAAAxE=},
	Bdsk-File-3 = {YnBsaXN0MDDSAQIDBFxyZWxhdGl2ZVBhdGhZYWxpYXNEYXRhXxBoLi4vLi4vLi4vTGlicmFyeS9GaWxlcy9jaW5lbGxpL2NpbmVsbGkgKDIwMTkpIC0gIHNlbnNpdGl2aXR5IGFuYWx5c2lzIG9mIGxpbmVhciBzdHJ1Y3R1cmFsIGNhdXNhbCBtb2RlbHNPEQJqAAAAAAJqAAIAAQxNYWNpbnRvc2ggSEQAAAAAAAAAAAAAAAAAAAAAAAAAQkQAAf////8fY2luZWxsaSAoMjAxOSkgLSAgc2VucyNGRkZGRkZGRgAAAAAAAAAAAAAAAAAAAAAAAAAAAAAAAAAAAAAAAAAA/////wAAAAAAAAAAAAAAAAADAAQAAAogY3UAAAAAAAAAAAAAAAAAB2NpbmVsbGkAAAIAfi86VXNlcnM6Y2FybG9zY2luZWxsaTpEcm9wYm94OkxpYnJhcnk6RmlsZXM6Y2luZWxsaTpjaW5lbGxpICgyMDE5KSAtICBzZW5zaXRpdml0eSBhbmFseXNpcyBvZiBsaW5lYXIgc3RydWN0dXJhbCBjYXVzYWwgbW9kZWxzLwAOAJQASQBjAGkAbgBlAGwAbABpACAAKAAyADAAMQA5ACkAIAAtACAAIABzAGUAbgBzAGkAdABpAHYAaQB0AHkAIABhAG4AYQBsAHkAcwBpAHMAIABvAGYAIABsAGkAbgBlAGEAcgAgAHMAdAByAHUAYwB0AHUAcgBhAGwAIABjAGEAdQBzAGEAbAAgAG0AbwBkAGUAbABzAA8AGgAMAE0AYQBjAGkAbgB0AG8AcwBoACAASABEABIAe1VzZXJzL2Nhcmxvc2NpbmVsbGkvRHJvcGJveC9MaWJyYXJ5L0ZpbGVzL2NpbmVsbGkvY2luZWxsaSAoMjAxOSkgLSAgc2Vuc2l0aXZpdHkgYW5hbHlzaXMgb2YgbGluZWFyIHN0cnVjdHVyYWwgY2F1c2FsIG1vZGVscwAAEwABLwAAFQACABT//wAAAAgADQAaACQAjwAAAAAAAAIBAAAAAAAAAAUAAAAAAAAAAAAAAAAAAAL9}}

@article{jakiela:prwpwb2018,
	Author = {Jakiela, Pamela and Ozier, Owen},
	Date-Added = {2020-01-02 11:39:40 -0800},
	Date-Modified = {2020-01-02 11:39:40 -0800},
	Journal = {Policy Research Working Paper, World Bank},
	Keywords = {oster; sensitivity analysis;},
	Title = {Gendered Language},
	Year = {2018}}

@article{DarfurViolence,
	Author = {Hazlett, C.},
	Date-Added = {2020-01-02 11:39:40 -0800},
	Date-Modified = {2020-01-02 11:39:40 -0800},
	Journal = {Working Paper. Available at http://www.chadhazlett.com},
	Owner = {Chad},
	Timestamp = {2013.08.24},
	Title = {Angry or Weary? {T}he Effect of Personal Violence on Attitudes Towards Peace in Darfur},
	Year = {2018}}

@article{evalue,
	Author = {VanderWeele, Tyler J and Ding, Peng},
	Date-Added = {2020-01-02 11:39:40 -0800},
	Date-Modified = {2020-01-02 11:39:40 -0800},
	Journal = {Annals of Internal Medicine},
	Number = {4},
	Pages = {268--274},
	Publisher = {Am Coll Physicians},
	Title = {Sensitivity analysis in observational research: introducing the {E}-value},
	Volume = {167},
	Year = {2017}}

@article{ewpdata,
	Author = {USHMM},
	Date-Added = {2020-01-02 11:39:40 -0800},
	Date-Modified = {2020-01-02 11:39:40 -0800},
	Journal = {fake},
	Note = {A project of the U.S. Holocaust Museum, co-sponsored by Dartmouth University},
	Title = {Early Warning Project: Statistical Risk Assessment Data, 1945-2015.},
	Year = {2017}}

@article{oster:jbes2017,
	Author = {Oster, Emily},
	Date-Added = {2020-01-02 11:39:40 -0800},
	Date-Modified = {2020-01-02 11:39:40 -0800},
	Journal = {Journal of Business \& Economic Statistics},
	Keywords = {sensitivity analysis; econometrics},
	Pages = {1--18},
	Publisher = {Taylor \& Francis},
	Title = {Unobservable selection and coefficient stability: Theory and evidence},
	Year = {2017},
	Bdsk-File-1 = {YnBsaXN0MDDSAQIDBFxyZWxhdGl2ZVBhdGhZYWxpYXNEYXRhXxB1Li4vLi4vLi4vTGlicmFyeS9GaWxlcy9vc3Rlci9vc3RlciAoMjAxNykgLSAgdW5vYnNlcnZhYmxlIHNlbGVjdGlvbiBhbmQgY29lZmZpY2llbnQgc3RhYmlsaXR5IHRoZW9yeSBhbmQgZXZpZGVuY2UucGRmTxECngAAAAACngACAAAMTWFjaW50b3NoIEhEAAAAAAAAAAAAAAAAAAAAAAAAAEJEAAH/////H29zdGVyICgyMDE3KSAtICB1biNGRkZGRkZGRi5wZGYAAAAAAAAAAAAAAAAAAAAAAAAAAAAAAAAAAAAAAAAAAP////8AAAAAAAAAAAAAAAAAAwAEAAAKIGN1AAAAAAAAAAAAAAAAAAVvc3RlcgAAAgCKLzpVc2VyczpjYXJsb3NjaW5lbGxpOkRyb3Bib3g6TGlicmFyeTpGaWxlczpvc3Rlcjpvc3RlciAoMjAxNykgLSAgdW5vYnNlcnZhYmxlIHNlbGVjdGlvbiBhbmQgY29lZmZpY2llbnQgc3RhYmlsaXR5IHRoZW9yeSBhbmQgZXZpZGVuY2UucGRmAA4AsgBYAG8AcwB0AGUAcgAgACgAMgAwADEANwApACAALQAgACAAdQBuAG8AYgBzAGUAcgB2AGEAYgBsAGUAIABzAGUAbABlAGMAdABpAG8AbgAgAGEAbgBkACAAYwBvAGUAZgBmAGkAYwBpAGUAbgB0ACAAcwB0AGEAYgBpAGwAaQB0AHkAIAB0AGgAZQBvAHIAeQAgAGEAbgBkACAAZQB2AGkAZABlAG4AYwBlAC4AcABkAGYADwAaAAwATQBhAGMAaQBuAHQAbwBzAGgAIABIAEQAEgCIVXNlcnMvY2FybG9zY2luZWxsaS9Ecm9wYm94L0xpYnJhcnkvRmlsZXMvb3N0ZXIvb3N0ZXIgKDIwMTcpIC0gIHVub2JzZXJ2YWJsZSBzZWxlY3Rpb24gYW5kIGNvZWZmaWNpZW50IHN0YWJpbGl0eSB0aGVvcnkgYW5kIGV2aWRlbmNlLnBkZgATAAEvAAAVAAIAFP//AAAACAANABoAJACcAAAAAAAAAgEAAAAAAAAABQAAAAAAAAAAAAAAAAAAAz4=},
	Bdsk-File-2 = {YnBsaXN0MDDSAQIDBFxyZWxhdGl2ZVBhdGhZYWxpYXNEYXRhXxB2Li4vLi4vLi4vTGlicmFyeS9GaWxlcy9vc3Rlci9vc3RlciAoMjAxN2EpIC0gIHVub2JzZXJ2YWJsZSBzZWxlY3Rpb24gYW5kIGNvZWZmaWNpZW50IHN0YWJpbGl0eSB0aGVvcnkgYW5kIGV2aWRlbmNlLnBkZk8RAqQAAAAAAqQAAgAADE1hY2ludG9zaCBIRAAAAAAAAAAAAAAAAAAAAAAAAABCRAAB/////x9vc3RlciAoMjAxN2EpIC0gIHUjRkZGRkZGRkYucGRmAAAAAAAAAAAAAAAAAAAAAAAAAAAAAAAAAAAAAAAAAAD/////AAAAAAAAAAAAAAAAAAMABAAACiBjdQAAAAAAAAAAAAAAAAAFb3N0ZXIAAAIAiy86VXNlcnM6Y2FybG9zY2luZWxsaTpEcm9wYm94OkxpYnJhcnk6RmlsZXM6b3N0ZXI6b3N0ZXIgKDIwMTdhKSAtICB1bm9ic2VydmFibGUgc2VsZWN0aW9uIGFuZCBjb2VmZmljaWVudCBzdGFiaWxpdHkgdGhlb3J5IGFuZCBldmlkZW5jZS5wZGYAAA4AtABZAG8AcwB0AGUAcgAgACgAMgAwADEANwBhACkAIAAtACAAIAB1AG4AbwBiAHMAZQByAHYAYQBiAGwAZQAgAHMAZQBsAGUAYwB0AGkAbwBuACAAYQBuAGQAIABjAG8AZQBmAGYAaQBjAGkAZQBuAHQAIABzAHQAYQBiAGkAbABpAHQAeQAgAHQAaABlAG8AcgB5ACAAYQBuAGQAIABlAHYAaQBkAGUAbgBjAGUALgBwAGQAZgAPABoADABNAGEAYwBpAG4AdABvAHMAaAAgAEgARAASAIlVc2Vycy9jYXJsb3NjaW5lbGxpL0Ryb3Bib3gvTGlicmFyeS9GaWxlcy9vc3Rlci9vc3RlciAoMjAxN2EpIC0gIHVub2JzZXJ2YWJsZSBzZWxlY3Rpb24gYW5kIGNvZWZmaWNpZW50IHN0YWJpbGl0eSB0aGVvcnkgYW5kIGV2aWRlbmNlLnBkZgAAEwABLwAAFQACABT//wAAAAgADQAaACQAnQAAAAAAAAIBAAAAAAAAAAUAAAAAAAAAAAAAAAAAAANF}}

@book{rosenbaum:2017,
	Author = {Rosenbaum, Paul R},
	Date-Added = {2020-01-02 11:39:40 -0800},
	Date-Modified = {2020-01-02 11:39:40 -0800},
	Keywords = {sensitivity analysis; causality},
	Publisher = {Harvard University Press},
	Title = {Observation and experiment: an introduction to causal inference},
	Year = {2017}}

@techreport{angrist2017undergraduate,
	Author = {Angrist, Joshua D and Pischke, J{\"o}rn-Steffen},
	Date-Added = {2020-01-02 11:39:40 -0800},
	Date-Modified = {2020-01-02 11:39:40 -0800},
	Institution = {National Bureau of Economic Research},
	Title = {Undergraduate Econometrics Instruction: Through Our Classes, Darkly},
	Year = {2017}}

@article{zhao2016covariate,
	Author = {Zhao, Qingyuan},
	Date-Added = {2020-01-02 11:39:40 -0800},
	Date-Modified = {2020-01-02 11:39:40 -0800},
	Journal = {arXiv preprint arXiv:1601.05890},
	Title = {Covariate Balancing Propensity Score by Tailored Loss Functions},
	Year = {2016}}

@article{king2016propensity,
	Author = {King, Gary and Nielsen, Richard},
	Date-Added = {2020-01-02 11:39:40 -0800},
	Date-Modified = {2020-01-02 11:39:40 -0800},
	Journal = {Copy at http://j. mp/1sexgVw Download Citation BibTex Tagged XML Download Paper},
	Title = {Why propensity scores should not be used for matching},
	Volume = {378},
	Year = {2016}}

@article{ding2016sensitivity,
	Author = {Ding, Peng and VanderWeele, Tyler J},
	Date-Added = {2020-01-02 11:39:40 -0800},
	Date-Modified = {2020-01-02 11:39:40 -0800},
	Journal = {Epidemiology (Cambridge, Mass.)},
	Number = {3},
	Pages = {368},
	Publisher = {Wolters Kluwer Health},
	Title = {Sensitivity analysis without assumptions},
	Volume = {27},
	Year = {2016}}

@article{leamer2016s,
	Author = {Leamer, Edward E},
	Date-Added = {2020-01-02 11:39:40 -0800},
	Date-Modified = {2020-01-02 11:39:40 -0800},
	Journal = {European Economic Review},
	Pages = {15--31},
	Publisher = {Elsevier},
	Title = {S-values and Bayesian weighted all-subsets regressions},
	Volume = {81},
	Year = {2016}}

@article{steiner:jci2016,
	Author = {Steiner, Peter M and Kim, Yongnam},
	Date-Added = {2020-01-02 11:39:40 -0800},
	Date-Modified = {2020-01-02 11:39:40 -0800},
	Journal = {Journal of causal inference},
	Keywords = {sensitivity analysis;ovb},
	Number = {2},
	Publisher = {De Gruyter},
	Title = {The mechanics of omitted variable bias: Bias amplification and cancellation of offsetting biases},
	Volume = {4},
	Year = {2016},
	Bdsk-File-1 = {YnBsaXN0MDDSAQIDBFxyZWxhdGl2ZVBhdGhZYWxpYXNEYXRhXxCULi4vLi4vLi4vTGlicmFyeS9GaWxlcy9zdGVpbmVyL3N0ZWluZXIgKDIwMTYpIC0gIHRoZSBtZWNoYW5pY3Mgb2Ygb21pdHRlZCB2YXJpYWJsZSBiaWFzIGJpYXMgYW1wbGlmaWNhdGlvbiBhbmQgY2FuY2VsbGF0aW9uIG9mIG9mZnNldHRpbmcgYmlhc2VzLnBkZk8RAxoAAAAAAxoAAgAADE1hY2ludG9zaCBIRAAAAAAAAAAAAAAAAAAAAAAAAABCRAAB/////x9zdGVpbmVyICgyMDE2KSAtICAjRkZGRkZGRkYucGRmAAAAAAAAAAAAAAAAAAAAAAAAAAAAAAAAAAAAAAAAAAD/////AAAAAAAAAAAAAAAAAAMABAAACiBjdQAAAAAAAAAAAAAAAAAHc3RlaW5lcgAAAgCpLzpVc2VyczpjYXJsb3NjaW5lbGxpOkRyb3Bib3g6TGlicmFyeTpGaWxlczpzdGVpbmVyOnN0ZWluZXIgKDIwMTYpIC0gIHRoZSBtZWNoYW5pY3Mgb2Ygb21pdHRlZCB2YXJpYWJsZSBiaWFzIGJpYXMgYW1wbGlmaWNhdGlvbiBhbmQgY2FuY2VsbGF0aW9uIG9mIG9mZnNldHRpbmcgYmlhc2VzLnBkZgAADgDsAHUAcwB0AGUAaQBuAGUAcgAgACgAMgAwADEANgApACAALQAgACAAdABoAGUAIABtAGUAYwBoAGEAbgBpAGMAcwAgAG8AZgAgAG8AbQBpAHQAdABlAGQAIAB2AGEAcgBpAGEAYgBsAGUAIABiAGkAYQBzACAAYgBpAGEAcwAgAGEAbQBwAGwAaQBmAGkAYwBhAHQAaQBvAG4AIABhAG4AZAAgAGMAYQBuAGMAZQBsAGwAYQB0AGkAbwBuACAAbwBmACAAbwBmAGYAcwBlAHQAdABpAG4AZwAgAGIAaQBhAHMAZQBzAC4AcABkAGYADwAaAAwATQBhAGMAaQBuAHQAbwBzAGgAIABIAEQAEgCnVXNlcnMvY2FybG9zY2luZWxsaS9Ecm9wYm94L0xpYnJhcnkvRmlsZXMvc3RlaW5lci9zdGVpbmVyICgyMDE2KSAtICB0aGUgbWVjaGFuaWNzIG9mIG9taXR0ZWQgdmFyaWFibGUgYmlhcyBiaWFzIGFtcGxpZmljYXRpb24gYW5kIGNhbmNlbGxhdGlvbiBvZiBvZmZzZXR0aW5nIGJpYXNlcy5wZGYAABMAAS8AABUAAgAU//8AAAAIAA0AGgAkALsAAAAAAAACAQAAAAAAAAAFAAAAAAAAAAAAAAAAAAAD2Q==}}

@article{leamer2016svalues,
	Author = {Edward E. Leamer},
	Date-Added = {2020-01-02 11:39:40 -0800},
	Date-Modified = {2020-01-02 11:39:40 -0800},
	Doi = {https://doi.org/10.1016/j.jeconom.2015.10.013},
	Issn = {0304-4076},
	Journal = {Journal of Econometrics},
	Keywords = {-values},
	Number = {1},
	Pages = {147 - 161},
	Title = {S-values: Conventional context-minimal measures of the sturdiness of regression coefficients},
	Url = {http://www.sciencedirect.com/science/article/pii/S0304407616300185},
	Volume = {193},
	Year = {2016},
	Bdsk-Url-1 = {http://www.sciencedirect.com/science/article/pii/S0304407616300185},
	Bdsk-Url-2 = {https://doi.org/10.1016/j.jeconom.2015.10.013}}

@article{carnegie:jree2016,
	Annote = {- mentioned by reviewer JRSS-B
},
	Author = {Carnegie, Nicole Bohme and Harada, Masataka and Hill, Jennifer L},
	Date-Added = {2020-01-02 11:39:40 -0800},
	Date-Modified = {2020-01-02 11:39:40 -0800},
	Journal = {Journal of Research on Educational Effectiveness},
	Keywords = {sensitivity analysis; causality; naive benchmarking;ovb},
	Number = {3},
	Pages = {395--420},
	Publisher = {Taylor \& Francis},
	Read = {1},
	Title = {Assessing sensitivity to unmeasured confounding using a simulated potential confounder},
	Volume = {9},
	Year = {2016},
	Bdsk-File-1 = {YnBsaXN0MDDSAQIDBFxyZWxhdGl2ZVBhdGhZYWxpYXNEYXRhXxCNLi4vLi4vLi4vTGlicmFyeS9GaWxlcy9jYXJuZWdpZS9jYXJuZWdpZSAoMjAxNikgLSAgYXNzZXNzaW5nIHNlbnNpdGl2aXR5IHRvIHVubWVhc3VyZWQgY29uZm91bmRpbmcgdXNpbmcgYSBzaW11bGF0ZWQgcG90ZW50aWFsIGNvbmZvdW5kZXIucGRmTxEC+gAAAAAC+gACAAAMTWFjaW50b3NoIEhEAAAAAAAAAAAAAAAAAAAAAAAAAEJEAAH/////H2Nhcm5lZ2llICgyMDE2KSAtICNGRkZGRkZGRi5wZGYAAAAAAAAAAAAAAAAAAAAAAAAAAAAAAAAAAAAAAAAAAP////8AAAAAAAAAAAAAAAAAAwAEAAAKIGN1AAAAAAAAAAAAAAAAAAhjYXJuZWdpZQACAKIvOlVzZXJzOmNhcmxvc2NpbmVsbGk6RHJvcGJveDpMaWJyYXJ5OkZpbGVzOmNhcm5lZ2llOmNhcm5lZ2llICgyMDE2KSAtICBhc3Nlc3Npbmcgc2Vuc2l0aXZpdHkgdG8gdW5tZWFzdXJlZCBjb25mb3VuZGluZyB1c2luZyBhIHNpbXVsYXRlZCBwb3RlbnRpYWwgY29uZm91bmRlci5wZGYADgDcAG0AYwBhAHIAbgBlAGcAaQBlACAAKAAyADAAMQA2ACkAIAAtACAAIABhAHMAcwBlAHMAcwBpAG4AZwAgAHMAZQBuAHMAaQB0AGkAdgBpAHQAeQAgAHQAbwAgAHUAbgBtAGUAYQBzAHUAcgBlAGQAIABjAG8AbgBmAG8AdQBuAGQAaQBuAGcAIAB1AHMAaQBuAGcAIABhACAAcwBpAG0AdQBsAGEAdABlAGQAIABwAG8AdABlAG4AdABpAGEAbAAgAGMAbwBuAGYAbwB1AG4AZABlAHIALgBwAGQAZgAPABoADABNAGEAYwBpAG4AdABvAHMAaAAgAEgARAASAKBVc2Vycy9jYXJsb3NjaW5lbGxpL0Ryb3Bib3gvTGlicmFyeS9GaWxlcy9jYXJuZWdpZS9jYXJuZWdpZSAoMjAxNikgLSAgYXNzZXNzaW5nIHNlbnNpdGl2aXR5IHRvIHVubWVhc3VyZWQgY29uZm91bmRpbmcgdXNpbmcgYSBzaW11bGF0ZWQgcG90ZW50aWFsIGNvbmZvdW5kZXIucGRmABMAAS8AABUAAgAU//8AAAAIAA0AGgAkALQAAAAAAAACAQAAAAAAAAAFAAAAAAAAAAAAAAAAAAADsg==}}

@article{middleton2016bias,
	Author = {Middleton, Joel A and Scott, Marc A and Diakow, Ronli and Hill, Jennifer L},
	Date-Added = {2020-01-02 11:39:40 -0800},
	Date-Modified = {2020-01-02 11:39:40 -0800},
	Journal = {Political Analysis},
	Number = {3},
	Pages = {307--323},
	Publisher = {Oxford University Press},
	Title = {Bias amplification and bias unmasking},
	Volume = {24},
	Year = {2016}}

@article{dorie2016flexible,
	Author = {Dorie, Vincent and Harada, Masataka and Carnegie, Nicole Bohme and Hill, Jennifer},
	Date-Added = {2020-01-02 11:39:40 -0800},
	Date-Modified = {2020-01-02 11:39:40 -0800},
	Journal = {Statistics in medicine},
	Number = {20},
	Pages = {3453--3470},
	Publisher = {Wiley Online Library},
	Title = {A flexible, interpretable framework for assessing sensitivity to unmeasured confounding},
	Volume = {35},
	Year = {2016}}

@article{ebaldouble,
	Author = {Zhao, Qingyuan and Percival, Daniel},
	Date-Added = {2020-01-02 11:39:40 -0800},
	Date-Modified = {2020-01-02 11:39:40 -0800},
	Journal = {Working Paper},
	Owner = {chad},
	Timestamp = {2016.04.20},
	Title = {Entropy Balancing Is Doubly Robust},
	Year = {2016}}

@misc{carnegie2016treatsens,
	Author = {Carnegie, NB and Harada, M and Hill, J},
	Date-Added = {2020-01-02 11:39:40 -0800},
	Date-Modified = {2020-01-02 11:39:40 -0800},
	Keywords = {naive benchmarking; R package;},
	Publisher = {New York. R package version},
	Title = {treatSens: A Package to Assess Sensitivity of Causal Analyses to Unmeasured Confounding},
	Year = {2016}}

@article{zhao2015primal,
	Author = {Zhao, Qingyuan and Percival, Daniel},
	Date-Added = {2020-01-02 11:39:40 -0800},
	Date-Modified = {2020-01-02 11:39:40 -0800},
	Journal = {arXiv preprint arXiv:1501.03571},
	Title = {Primal-dual Covariate Balance and Minimal Double Robustness via Entropy Balancing},
	Year = {2015}}

@article{hazlett2015kernel,
	Author = {Hazlett, Chad},
	Date-Added = {2020-01-02 11:39:40 -0800},
	Date-Modified = {2020-01-02 11:39:40 -0800},
	Journal = {Available at SSRN 2746753},
	Title = {Kernel Balancing: A flexible non-parametric weighting procedure for estimating causal effects},
	Year = {2015}}

@article{pearl2015comment,
	Author = {Pearl, Judea},
	Date-Added = {2020-01-02 11:39:40 -0800},
	Date-Modified = {2020-01-02 11:39:40 -0800},
	Journal = {Journal of Causal Inference},
	Number = {1},
	Pages = {59--60},
	Publisher = {De Gruyter},
	Title = {Comment on {D}ing and {M}iratrix: To adjust or not to adjust?},
	Volume = {3},
	Year = {2015}}

@article{ding2015adjust,
	Author = {Ding, Peng and Miratrix, Luke W},
	Date-Added = {2020-01-02 11:39:40 -0800},
	Date-Modified = {2020-01-02 11:39:40 -0800},
	Journal = {Journal of Causal Inference},
	Number = {1},
	Pages = {41--57},
	Publisher = {De Gruyter},
	Title = {To adjust or not to adjust? {S}ensitivity analysis of {M}-bias and butterfly-bias},
	Volume = {3},
	Year = {2015}}

@article{zubizarreta2015stable,
	Author = {Zubizarreta, Jos{\'e} R},
	Date-Added = {2020-01-02 11:39:40 -0800},
	Date-Modified = {2020-01-02 11:39:40 -0800},
	Journal = {Journal of the American Statistical Association},
	Number = {just-accepted},
	Publisher = {Taylor \& Francis},
	Title = {Stable Weights that Balance Covariates for Estimation with Incomplete Outcome Data},
	Year = {2015}}

@article{keele2015statistics,
	Author = {Keele, Luke},
	Date-Added = {2020-01-02 11:39:40 -0800},
	Date-Modified = {2020-01-02 11:39:40 -0800},
	Journal = {Political Analysis},
	Number = {3},
	Pages = {313--335},
	Publisher = {Society for Political Methodology and the Political Methodology Section of the American Political Science Association},
	Title = {The statistics of causal inference: A view from political methodology},
	Volume = {23},
	Year = {2015}}

@techreport{chen2015exogeneity,
	Author = {Chen, Bryant and Pearl, Judea},
	Date-Added = {2020-01-02 11:39:40 -0800},
	Date-Modified = {2020-01-02 11:39:40 -0800},
	Institution = {Tech. Rep},
	Title = {Exogeneity and robustness},
	Year = {2015}}

@book{imbens2015causal,
	Author = {Imbens, Guido W and Rubin, Donald B},
	Date-Added = {2020-01-02 11:39:40 -0800},
	Date-Modified = {2020-01-02 11:39:40 -0800},
	Publisher = {Cambridge University Press},
	Title = {Causal inference in statistics, social, and biomedical sciences},
	Year = {2015}}

@article{imai2014covariate,
	Author = {Imai, Kosuke and Ratkovic, Marc},
	Date-Added = {2020-01-02 11:39:40 -0800},
	Date-Modified = {2020-01-02 11:39:40 -0800},
	Journal = {Journal of the Royal Statistical Society: Series B (Statistical Methodology)},
	Number = {1},
	Pages = {243--263},
	Publisher = {Wiley Online Library},
	Title = {Covariate balancing propensity score},
	Volume = {76},
	Year = {2014}}

@article{oster2014unobservable,
	Author = {Oster, Emily},
	Date-Added = {2020-01-02 11:39:40 -0800},
	Date-Modified = {2020-01-02 11:39:40 -0800},
	Journal = {NBER working paper},
	Title = {Unobservable selection and coefficient stability: Theory and evidence},
	Year = {2014}}

@article{krlspaper,
	Author = {Hainmueller, Jens and Hazlett, Chad},
	Date-Added = {2020-01-02 11:39:40 -0800},
	Date-Modified = {2020-01-02 11:39:40 -0800},
	Journal = {Political Analysis},
	Number = {2},
	Pages = {143--168},
	Publisher = {SPM-PMSAPSA},
	Title = {Kernel regularized least squares: Reducing misspecification bias with a flexible and interpretable machine learning approach},
	Volume = {22},
	Year = {2014}}

@book{morgan2014counterfactuals,
	Author = {Morgan, Stephen L and Winship, Christopher},
	Date-Added = {2020-01-02 11:39:40 -0800},
	Date-Modified = {2020-01-02 11:39:40 -0800},
	Publisher = {Cambridge University Press},
	Title = {Counterfactuals and causal inference},
	Year = {2014}}

@techreport{leamer2014s,
	Author = {Leamer, Edward E},
	Date-Added = {2020-01-02 11:39:40 -0800},
	Date-Modified = {2020-01-02 11:39:40 -0800},
	Institution = {working paper},
	Title = {S-values and All Subsets Regressions},
	Year = {2014}}

@article{vanderweele2013definition,
	Author = {VanderWeele, Tyler J and Shpitser, Ilya},
	Date-Added = {2020-01-02 11:39:40 -0800},
	Date-Modified = {2020-01-02 11:39:40 -0800},
	Journal = {Annals of statistics},
	Number = {1},
	Pages = {196},
	Publisher = {NIH Public Access},
	Title = {On the definition of a confounder},
	Volume = {41},
	Year = {2013}}

@article{frank:eepa2013,
	Author = {Frank, Kenneth A and Maroulis, Spiro J and Duong, Minh Q and Kelcey, Benjamin M},
	Date-Added = {2020-01-02 11:39:40 -0800},
	Date-Modified = {2020-01-02 11:39:40 -0800},
	Journal = {Educational Evaluation and Policy Analysis},
	Keywords = {sensitivity analysis;ovb},
	Number = {4},
	Pages = {437--460},
	Publisher = {SAGE Publications Sage CA: Los Angeles, CA},
	Title = {What would it take to change an inference? Using Rubins causal model to interpret the robustness of causal inferences},
	Volume = {35},
	Year = {2013},
	Bdsk-File-1 = {YnBsaXN0MDDSAQIDBFxyZWxhdGl2ZVBhdGhZYWxpYXNEYXRhXxCBLi4vLi4vLi4vTGlicmFyeS9GaWxlcy9mcmFuay9mcmFuayAoMjAxMykgLSAgd2hhdCB3b3VsZCBpdCB0YWtlIHRvIGNoYW5nZSBhbiBpbmZlcmVuY2UgdXNpbmcgcnViaW5zIGNhdXNhbCBtb2RlbCB0byBpbnRlcnByZXQucGRmTxECzgAAAAACzgACAAAMTWFjaW50b3NoIEhEAAAAAAAAAAAAAAAAAAAAAAAAAEJEAAH/////H2ZyYW5rICgyMDEzKSAtICB3aCNGRkZGRkZGRi5wZGYAAAAAAAAAAAAAAAAAAAAAAAAAAAAAAAAAAAAAAAAAAP////8AAAAAAAAAAAAAAAAAAwAEAAAKIGN1AAAAAAAAAAAAAAAAAAVmcmFuawAAAgCWLzpVc2VyczpjYXJsb3NjaW5lbGxpOkRyb3Bib3g6TGlicmFyeTpGaWxlczpmcmFuazpmcmFuayAoMjAxMykgLSAgd2hhdCB3b3VsZCBpdCB0YWtlIHRvIGNoYW5nZSBhbiBpbmZlcmVuY2UgdXNpbmcgcnViaW5zIGNhdXNhbCBtb2RlbCB0byBpbnRlcnByZXQucGRmAA4AygBkAGYAcgBhAG4AawAgACgAMgAwADEAMwApACAALQAgACAAdwBoAGEAdAAgAHcAbwB1AGwAZAAgAGkAdAAgAHQAYQBrAGUAIAB0AG8AIABjAGgAYQBuAGcAZQAgAGEAbgAgAGkAbgBmAGUAcgBlAG4AYwBlACAAdQBzAGkAbgBnACAAcgB1AGIAaQBuAHMAIABjAGEAdQBzAGEAbAAgAG0AbwBkAGUAbAAgAHQAbwAgAGkAbgB0AGUAcgBwAHIAZQB0AC4AcABkAGYADwAaAAwATQBhAGMAaQBuAHQAbwBzAGgAIABIAEQAEgCUVXNlcnMvY2FybG9zY2luZWxsaS9Ecm9wYm94L0xpYnJhcnkvRmlsZXMvZnJhbmsvZnJhbmsgKDIwMTMpIC0gIHdoYXQgd291bGQgaXQgdGFrZSB0byBjaGFuZ2UgYW4gaW5mZXJlbmNlIHVzaW5nIHJ1YmlucyBjYXVzYWwgbW9kZWwgdG8gaW50ZXJwcmV0LnBkZgATAAEvAAAVAAIAFP//AAAACAANABoAJACoAAAAAAAAAgEAAAAAAAAABQAAAAAAAAAAAAAAAAAAA3o=}}

@article{frank2013would,
	Author = {Frank, Kenneth A and Maroulis, Spiro J and Duong, Minh Q and Kelcey, Benjamin M},
	Date-Added = {2020-01-02 11:39:40 -0800},
	Date-Modified = {2020-01-02 11:39:40 -0800},
	Journal = {Educational Evaluation and Policy Analysis},
	Number = {4},
	Pages = {437--460},
	Publisher = {SAGE Publications Sage CA: Los Angeles, CA},
	Title = {What would it take to change an inference? {U}sing {R}ubin's causal model to interpret the robustness of causal inferences},
	Volume = {35},
	Year = {2013}}

@article{blackwell2013selection,
	Author = {Blackwell, Matthew},
	Date-Added = {2020-01-02 11:39:40 -0800},
	Date-Modified = {2020-01-02 11:39:40 -0800},
	Journal = {Political Analysis},
	Number = {2},
	Pages = {169--182},
	Publisher = {Oxford University Press},
	Title = {A selection bias approach to sensitivity analysis for causal effects},
	Volume = {22},
	Year = {2013}}

@article{KingLucasNielsen,
	Author = {King, Gary and Lucas, Chris and Nielsen, Richard},
	Date-Added = {2020-01-02 11:39:40 -0800},
	Date-Modified = {2020-01-02 11:39:40 -0800},
	Journal = {Working Paper},
	Owner = {Chad},
	Timestamp = {2013.08.26},
	Title = {Optimizing Both Balance and Sample Size in Matching Methods for Causal Inference},
	Year = {2013}}

@article{ajr2012,
	Author = {Acemoglu, Daron and Johnson, Simon and Robinson, James A.},
	Date-Added = {2020-01-02 11:39:40 -0800},
	Date-Modified = {2020-01-02 11:39:40 -0800},
	Doi = {10.1257/aer.102.6.3077},
	Journal = {American Economic Review},
	Month = {May},
	Number = {6},
	Pages = {3077-3110},
	Title = {The Colonial Origins of Comparative Development: An Empirical Investigation: Reply},
	Url = {http://www.aeaweb.org/articles?id=10.1257/aer.102.6.3077},
	Volume = {102},
	Year = {2012},
	Bdsk-Url-1 = {http://www.aeaweb.org/articles?id=10.1257/aer.102.6.3077},
	Bdsk-Url-2 = {http://dx.doi.org/10.1257/aer.102.6.3077}}

@article{pearl2012class,
	Author = {Pearl, Judea},
	Date-Added = {2020-01-02 11:39:40 -0800},
	Date-Modified = {2020-01-02 11:39:40 -0800},
	Journal = {arXiv preprint arXiv:1203.3503},
	Title = {On a class of bias-amplifying variables that endanger effect estimates},
	Year = {2012}}

@article{hainmueller2012entropy,
	Author = {Hainmueller, Jens},
	Date-Added = {2020-01-02 11:39:40 -0800},
	Date-Modified = {2020-01-02 11:39:40 -0800},
	Journal = {Political Analysis},
	Number = {1},
	Pages = {25--46},
	Publisher = {SPM-PMSAPSA},
	Title = {Entropy balancing for causal effects: A multivariate reweighting method to produce balanced samples in observational studies},
	Volume = {20},
	Year = {2012}}

@article{iacus2012causal,
	Author = {Iacus, Stefano M and King, Gary and Porro, Giuseppe},
	Date-Added = {2020-01-02 11:39:40 -0800},
	Date-Modified = {2020-01-02 11:39:40 -0800},
	Journal = {Political analysis},
	Number = {1},
	Pages = {1--24},
	Publisher = {SPM-PMSAPSA},
	Title = {Causal inference without balance checking: Coarsened exact matching},
	Volume = {20},
	Year = {2012}}

@book{dunning2012natural,
	Author = {Dunning, Thad},
	Date-Added = {2020-01-02 11:39:40 -0800},
	Date-Modified = {2020-01-02 11:39:40 -0800},
	Publisher = {Cambridge University Press},
	Title = {Natural experiments in the social sciences: a design-based approach},
	Year = {2012}}

@article{fritsch2012package,
	Author = {Fritsch, Stefan and Guenther, Frauke and Guenther, Maintainer Frauke},
	Date-Added = {2020-01-02 11:39:40 -0800},
	Date-Modified = {2020-01-02 11:39:40 -0800},
	Year = {2012}}

@techreport{ratkovic2012identifying,
	Author = {Ratkovic, Marc},
	Date-Added = {2020-01-02 11:39:40 -0800},
	Date-Modified = {2020-01-02 11:39:40 -0800},
	Institution = {Working Paper. Available a t http://www. princeton. edu/~ ratkovic/SVMMatch. pdf},
	Title = {Identifying the largest balanced subset of the data under general treatment regimes},
	Year = {2012}}

@article{pearl2011invited,
	Author = {Pearl, Judea},
	Date-Added = {2020-01-02 11:39:40 -0800},
	Date-Modified = {2020-01-02 11:39:40 -0800},
	Journal = {American journal of epidemiology},
	Number = {11},
	Pages = {1223--1227},
	Publisher = {Oxford University Press},
	Title = {Invited commentary: understanding bias amplification},
	Volume = {174},
	Year = {2011}}

@article{nicholson2011polarizing,
	Author = {Nicholson, S.P.},
	Date-Added = {2020-01-02 11:39:40 -0800},
	Date-Modified = {2020-01-02 11:39:40 -0800},
	Journal = {American Journal of Political Science},
	Publisher = {Wiley Online Library},
	Title = {Polarizing Cues},
	Year = {2011}}

@article{arah2011,
	Abstract = {{Uncontrolled confounding in observational studies gives rise to biased effect estimates. Sensitivity analysis techniques can be useful in assessing the magnitude of these biases. In this paper, we use the potential outcomes framework to derive a general class of sensitivity-analysis formulas for outcomes, treatments, and measured and unmeasured confounding variables that may be categorical or continuous. We give results for additive, risk-ratio and odds-ratio scales. We show that these results encompass a number of more specific sensitivity-analysis methods in the statistics and epidemiology literature. The applicability, usefulness, and limits of the bias-adjustment formulas are discussed. We illustrate the sensitivity-analysis techniques that follow from our results by applying them to 3 different studies. The bias formulas are particularly simple and easy to use in settings in which the unmeasured confounding variable is binary with constant effect on the outcome across treatment levels.}},
	Author = {Vanderweele, Tyler J. and Arah, Onyebuchi A.},
	Citeulike-Article-Id = {8654737},
	Citeulike-Linkout-0 = {http://dx.doi.org/10.1097/ede.0b013e3181f74493},
	Citeulike-Linkout-1 = {http://www.ncbi.nlm.nih.gov/pmc/articles/PMC3073860/},
	Citeulike-Linkout-2 = {http://view.ncbi.nlm.nih.gov/pubmed/21052008},
	Citeulike-Linkout-3 = {http://www.hubmed.org/display.cgi?uids=21052008},
	Date-Added = {2020-01-02 11:39:40 -0800},
	Date-Modified = {2020-01-02 11:39:40 -0800},
	Doi = {10.1097/ede.0b013e3181f74493},
	Issn = {1531-5487},
	Journal = {Epidemiology (Cambridge, Mass.)},
	Keywords = {confounding, sa, uc},
	Month = jan,
	Number = {1},
	Pages = {42--52},
	Pmcid = {PMC3073860},
	Pmid = {21052008},
	Posted-At = {2011-01-20 04:28:05},
	Priority = {2},
	Title = {{Bias formulas for sensitivity analysis of unmeasured confounding for general outcomes, treatments, and confounders.}},
	Url = {http://dx.doi.org/10.1097/ede.0b013e3181f74493},
	Volume = {22},
	Year = {2011},
	Bdsk-Url-1 = {http://dx.doi.org/10.1097/ede.0b013e3181f74493}}

@article{abadie2011bias,
	Author = {Abadie, Alberto and Imbens, Guido W},
	Date-Added = {2020-01-02 11:39:40 -0800},
	Date-Modified = {2020-01-02 11:39:40 -0800},
	Journal = {Journal of Business \& Economic Statistics},
	Number = {1},
	Title = {Bias-corrected matching estimators for average treatment effects},
	Volume = {29},
	Year = {2011}}

@article{Sekhon2011,
	Author = {Sekhon, Jasjeet S},
	Date-Added = {2020-01-02 11:39:40 -0800},
	Date-Modified = {2020-01-02 11:39:40 -0800},
	Journal = {Journal of Statistical Software},
	Number = {7},
	Pages = {1-52},
	Title = {Multivariate and propensity score matching software with automated balance optimization: the matching package for R},
	Volume = {42},
	Year = {2011}}

@article{CEMjasa,
	Author = {Iacus, Stefano M and King, Gary and Porro, Giuseppe},
	Date-Added = {2020-01-02 11:39:40 -0800},
	Date-Modified = {2020-01-02 11:39:40 -0800},
	Journal = {Journal of the American Statistical Association},
	Number = {493},
	Pages = {345--361},
	Publisher = {Taylor \& Francis},
	Title = {Multivariate matching methods that are monotonic imbalance bounding},
	Volume = {106},
	Year = {2011}}

@article{king2011comparative,
	Author = {King, Gary and Nielsen, Richard and Coberley, Carter and Pope, James E and Wells, Aaron},
	Date-Added = {2020-01-02 11:39:40 -0800},
	Date-Modified = {2020-01-02 11:39:40 -0800},
	Journal = {Unpublished manuscript},
	Title = {Comparative effectiveness of matching methods for causal inference},
	Volume = {15},
	Year = {2011}}

@article{lyall2010coethnics,
	Author = {Lyall, Jason},
	Date-Added = {2020-01-02 11:39:40 -0800},
	Date-Modified = {2020-01-02 11:39:40 -0800},
	Journal = {American Political Science Review},
	Number = {1},
	Pages = {1--20},
	Publisher = {Cambridge Univ Press},
	Title = {Are coethnics more effective counterinsurgents? Evidence from the Second Chechen War},
	Volume = {104},
	Year = {2010}}

@article{lyall2010democracies,
	Author = {Lyall, Jason},
	Date-Added = {2020-01-02 11:39:40 -0800},
	Date-Modified = {2020-01-02 11:39:40 -0800},
	Journal = {International Organization},
	Number = {01},
	Pages = {167--192},
	Publisher = {Cambridge Univ Press},
	Title = {Do democracies make inferior counterinsurgents? Reassessing democracy's impact on war outcomes and duration},
	Volume = {64},
	Year = {2010}}

@article{chatterjee2010asymptotic,
	Author = {Chatterjee, A. and Lahiri, S.},
	Date-Added = {2020-01-02 11:39:40 -0800},
	Date-Modified = {2020-01-02 11:39:40 -0800},
	Journal = {Proceedings of the American Mathematical Society},
	Number = {12},
	Pages = {4497--4509},
	Title = {Asymptotic properties of the residual bootstrap for Lasso estimators},
	Volume = {138},
	Year = {2010}}

@article{imai2010identification,
	Author = {Imai, Kosuke and Keele, Luke and Yamamoto, Teppei and others},
	Date-Added = {2020-01-02 11:39:40 -0800},
	Date-Modified = {2020-01-02 11:39:40 -0800},
	Journal = {Statistical science},
	Number = {1},
	Pages = {51--71},
	Publisher = {Institute of Mathematical Statistics},
	Title = {Identification, inference and sensitivity analysis for causal mediation effects},
	Volume = {25},
	Year = {2010}}

@article{stuart2010matching,
	Author = {Stuart, Elizabeth A},
	Date-Added = {2020-01-02 11:39:40 -0800},
	Date-Modified = {2020-01-02 11:39:40 -0800},
	Journal = {Statistical science: a review journal of the Institute of Mathematical Statistics},
	Number = {1},
	Pages = {1},
	Publisher = {NIH Public Access},
	Title = {Matching methods for causal inference: A review and a look forward},
	Volume = {25},
	Year = {2010}}

@article{hosman2010sensitivity,
	Author = {Hosman, Carrie A and Hansen, Ben B and Holland, Paul W},
	Date-Added = {2020-01-02 11:39:40 -0800},
	Date-Modified = {2020-01-02 11:39:40 -0800},
	Journal = {The Annals of Applied Statistics},
	Pages = {849--870},
	Publisher = {JSTOR},
	Title = {The Sensitivity of Linear Regression Coefficients' Confidence Limits to the Omission of a Confounder},
	Year = {2010}}

@article{angrist2010credibility,
	Author = {Angrist, Joshua D and Pischke, J{\"o}rn-Steffen},
	Date-Added = {2020-01-02 11:39:40 -0800},
	Date-Modified = {2020-01-02 11:39:40 -0800},
	Journal = {The Journal of economic perspectives},
	Number = {2},
	Pages = {3--30},
	Publisher = {American Economic Association},
	Title = {The credibility revolution in empirical economics: How better research design is taking the con out of econometrics},
	Volume = {24},
	Year = {2010}}

@book{rosenbaum:2010,
	Author = {Rosenbaum, Paul R},
	Date-Added = {2020-01-02 11:39:40 -0800},
	Date-Modified = {2020-01-02 11:39:40 -0800},
	Keywords = {sensitivity analysis; observational studies; matching; propensity score},
	Publisher = {Springer Series in Statistics},
	Title = {Design of observational studies},
	Year = {2010},
	Bdsk-File-1 = {YnBsaXN0MDDSAQIDBFxyZWxhdGl2ZVBhdGhZYWxpYXNEYXRhXxBYLi4vLi4vLi4vTGlicmFyeS9GaWxlcy9yb3NlbmJhdW0vcm9zZW5iYXVtICgyMDEwKSAtICBkZXNpZ24gb2Ygb2JzZXJ2YXRpb25hbCBzdHVkaWVzLnBkZk8RAigAAAAAAigAAgAADE1hY2ludG9zaCBIRAAAAAAAAAAAAAAAAAAAAAAAAABCRAAB/////x9yb3NlbmJhdW0gKDIwMTApIC0jRkZGRkZGRkYucGRmAAAAAAAAAAAAAAAAAAAAAAAAAAAAAAAAAAAAAAAAAAD/////AAAAAAAAAAAAAAAAAAMABAAACiBjdQAAAAAAAAAAAAAAAAAJcm9zZW5iYXVtAAACAG0vOlVzZXJzOmNhcmxvc2NpbmVsbGk6RHJvcGJveDpMaWJyYXJ5OkZpbGVzOnJvc2VuYmF1bTpyb3NlbmJhdW0gKDIwMTApIC0gIGRlc2lnbiBvZiBvYnNlcnZhdGlvbmFsIHN0dWRpZXMucGRmAAAOAHAANwByAG8AcwBlAG4AYgBhAHUAbQAgACgAMgAwADEAMAApACAALQAgACAAZABlAHMAaQBnAG4AIABvAGYAIABvAGIAcwBlAHIAdgBhAHQAaQBvAG4AYQBsACAAcwB0AHUAZABpAGUAcwAuAHAAZABmAA8AGgAMAE0AYQBjAGkAbgB0AG8AcwBoACAASABEABIAa1VzZXJzL2Nhcmxvc2NpbmVsbGkvRHJvcGJveC9MaWJyYXJ5L0ZpbGVzL3Jvc2VuYmF1bS9yb3NlbmJhdW0gKDIwMTApIC0gIGRlc2lnbiBvZiBvYnNlcnZhdGlvbmFsIHN0dWRpZXMucGRmAAATAAEvAAAVAAIAFP//AAAACAANABoAJAB/AAAAAAAAAgEAAAAAAAAABQAAAAAAAAAAAAAAAAAAAqs=}}

@article{sekhon2009opiates,
	Author = {Sekhon, J.S.},
	Date-Added = {2020-01-02 11:39:40 -0800},
	Date-Modified = {2020-01-02 11:39:40 -0800},
	Journal = {Annual Review of Political Science},
	Pages = {487--508},
	Publisher = {Annual Reviews},
	Title = {Opiates for the matches: Matching methods for causal inference},
	Volume = {12},
	Year = {2009}}

@book{hastie2009springer,
	Author = {Hastie, T. and Tibshirani, R. and Friedman, J.},
	Date-Added = {2020-01-02 11:39:40 -0800},
	Date-Modified = {2020-01-02 11:39:40 -0800},
	Edition = {Second},
	Publisher = {Springer},
	Title = {The elements of statistical learning: data mining, inference, and prediction},
	Year = {2009}}

@book{pearl2009causality,
	Author = {Pearl, Judea},
	Date-Added = {2020-01-02 11:39:40 -0800},
	Date-Modified = {2020-01-02 11:39:40 -0800},
	Publisher = {Cambridge university press},
	Title = {Causality},
	Year = {2009}}

@book{wooldridge2009introductory,
	Author = {Wooldridge, J.M.},
	Date-Added = {2020-01-02 11:39:40 -0800},
	Date-Modified = {2020-01-02 11:39:40 -0800},
	Publisher = {South-Western Pub},
	Title = {Introductory econometrics: A modern approach},
	Year = {2009}}

@article{altonji2008using,
	Author = {Altonji, Joseph G and Elder, Todd E and Taber, Christopher R},
	Date-Added = {2020-01-02 11:39:40 -0800},
	Date-Modified = {2020-01-02 11:39:40 -0800},
	Journal = {American Economic Review},
	Number = {2},
	Pages = {345--50},
	Title = {Using selection on observed variables to assess bias from unobservables when evaluating swan-ganz catheterization},
	Volume = {98},
	Year = {2008}}

@article{stute2008model,
	Author = {Stute, W. and Xu, WL and Zhu, LX},
	Date-Added = {2020-01-02 11:39:40 -0800},
	Date-Modified = {2020-01-02 11:39:40 -0800},
	Journal = {Biometrika},
	Number = {2},
	Pages = {451--467},
	Publisher = {Biometrika Trust},
	Title = {Model diagnosis for parametric regression in high-dimensional spaces},
	Volume = {95},
	Year = {2008}}

@article{abadie2008failure,
	Author = {Abadie, Alberto and Imbens, Guido W},
	Date-Added = {2020-01-02 11:39:40 -0800},
	Date-Modified = {2020-01-02 11:39:40 -0800},
	Journal = {Econometrica},
	Number = {6},
	Pages = {1537--1557},
	Publisher = {Wiley Online Library},
	Title = {On the failure of the bootstrap for matching estimators},
	Volume = {76},
	Year = {2008}}

@article{frank:eepa2008,
	Author = {Frank, Kenneth A and Sykes, Gary and Anagnostopoulos, Dorothea and Cannata, Marisa and Chard, Linda and Krause, Ann and McCrory, Raven},
	Date-Added = {2020-01-02 11:39:40 -0800},
	Date-Modified = {2020-01-02 11:39:40 -0800},
	Journal = {Educational Evaluation and Policy Analysis},
	Number = {1},
	Pages = {3--30},
	Publisher = {Sage Publications Sage CA: Thousand Oaks, CA},
	Title = {Does NBPTS certification affect the number of colleagues a teacher helps with instructional matters?},
	Volume = {30},
	Year = {2008},
	Bdsk-File-1 = {YnBsaXN0MDDSAQIDBFxyZWxhdGl2ZVBhdGhZYWxpYXNEYXRhXxCMLi4vLi4vLi4vTGlicmFyeS9GaWxlcy9mcmFuay9mcmFuayAoMjAwOCkgLSAgZG9lcyBuYnB0cyBjZXJ0aWZpY2F0aW9uIGFmZmVjdCB0aGUgbnVtYmVyIG9mIGNvbGxlYWd1ZXMgYSB0ZWFjaGVyIGhlbHBzIHdpdGggaW5zdHJ1Y3Rpb25hbC5wZGZPEQL8AAAAAAL8AAIAAAxNYWNpbnRvc2ggSEQAAAAAAAAAAAAAAAAAAAAAAAAAQkQAAf////8fZnJhbmsgKDIwMDgpIC0gIGRvI0ZGRkZGRkZGLnBkZgAAAAAAAAAAAAAAAAAAAAAAAAAAAAAAAAAAAAAAAAAA/////wAAAAAAAAAAAAAAAAADAAQAAAogY3UAAAAAAAAAAAAAAAAABWZyYW5rAAACAKEvOlVzZXJzOmNhcmxvc2NpbmVsbGk6RHJvcGJveDpMaWJyYXJ5OkZpbGVzOmZyYW5rOmZyYW5rICgyMDA4KSAtICBkb2VzIG5icHRzIGNlcnRpZmljYXRpb24gYWZmZWN0IHRoZSBudW1iZXIgb2YgY29sbGVhZ3VlcyBhIHRlYWNoZXIgaGVscHMgd2l0aCBpbnN0cnVjdGlvbmFsLnBkZgAADgDgAG8AZgByAGEAbgBrACAAKAAyADAAMAA4ACkAIAAtACAAIABkAG8AZQBzACAAbgBiAHAAdABzACAAYwBlAHIAdABpAGYAaQBjAGEAdABpAG8AbgAgAGEAZgBmAGUAYwB0ACAAdABoAGUAIABuAHUAbQBiAGUAcgAgAG8AZgAgAGMAbwBsAGwAZQBhAGcAdQBlAHMAIABhACAAdABlAGEAYwBoAGUAcgAgAGgAZQBsAHAAcwAgAHcAaQB0AGgAIABpAG4AcwB0AHIAdQBjAHQAaQBvAG4AYQBsAC4AcABkAGYADwAaAAwATQBhAGMAaQBuAHQAbwBzAGgAIABIAEQAEgCfVXNlcnMvY2FybG9zY2luZWxsaS9Ecm9wYm94L0xpYnJhcnkvRmlsZXMvZnJhbmsvZnJhbmsgKDIwMDgpIC0gIGRvZXMgbmJwdHMgY2VydGlmaWNhdGlvbiBhZmZlY3QgdGhlIG51bWJlciBvZiBjb2xsZWFndWVzIGEgdGVhY2hlciBoZWxwcyB3aXRoIGluc3RydWN0aW9uYWwucGRmAAATAAEvAAAVAAIAFP//AAAACAANABoAJACzAAAAAAAAAgEAAAAAAAAABQAAAAAAAAAAAAAAAAAAA7M=}}

@article{colaresi2008kill,
	Author = {Colaresi, M. and Carey, S.C.},
	Date-Added = {2020-01-02 11:39:40 -0800},
	Date-Modified = {2020-01-02 11:39:40 -0800},
	Journal = {Journal of Conflict Resolution},
	Number = {1},
	Pages = {39--67},
	Publisher = {Sage Publications},
	Title = {To Kill or to Protect},
	Volume = {52},
	Year = {2008}}

@article{lovell2008simple,
	Author = {Lovell, Michael C},
	Date-Added = {2020-01-02 11:39:40 -0800},
	Date-Modified = {2020-01-02 11:39:40 -0800},
	Journal = {The Journal of Economic Education},
	Number = {1},
	Pages = {88--91},
	Publisher = {Taylor \& Francis},
	Title = {A simple proof of the {FWL} theorem},
	Volume = {39},
	Year = {2008}}

@article{sekhon2008neyman,
	Author = {Sekhon, Jasjeet S},
	Date-Added = {2020-01-02 11:39:40 -0800},
	Date-Modified = {2020-01-02 11:39:40 -0800},
	Journal = {The Oxford handbook of political methodology},
	Pages = {271--299},
	Publisher = {Citeseer},
	Title = {The Neyman-Rubin model of causal inference and estimation via matching methods},
	Year = {2008}}

@book{angrist2008mostly,
	Author = {Angrist, Joshua D and Pischke, J{\"o}rn-Steffen},
	Date-Added = {2020-01-02 11:39:40 -0800},
	Date-Modified = {2020-01-02 11:39:40 -0800},
	Publisher = {Princeton university press},
	Title = {Mostly harmless econometrics: An empiricist's companion},
	Year = {2008}}

@book{feller2008introduction,
	Author = {Feller, W.},
	Date-Added = {2020-01-02 11:39:40 -0800},
	Date-Modified = {2020-01-02 11:39:40 -0800},
	Publisher = {Wiley-India},
	Title = {An introduction to probability theory and its applications},
	Volume = {2},
	Year = {2008}}

@book{flint2008darfur,
	Author = {Flint, Julie and de Waal, Alex},
	Date-Added = {2020-01-02 11:39:40 -0800},
	Date-Modified = {2020-01-02 11:39:40 -0800},
	Publisher = {Zed Books},
	Title = {Darfur: a new history of a long war},
	Year = {2008}}

@article{Ho2007,
	Author = {Ho, D.E. and Imai, K. and King, G. and Stuart, E.A.},
	Date-Added = {2020-01-02 11:39:40 -0800},
	Date-Modified = {2020-01-02 11:39:40 -0800},
	Journal = {Political Analysis},
	Number = {3},
	Pages = {199--236},
	Publisher = {SPM-PMSAPSA},
	Title = {Matching as nonparametric preprocessing for reducing model dependence in parametric causal inference},
	Volume = {15},
	Year = {2007}}

@article{ho2007matching,
	Author = {Ho, Daniel E and Imai, Kosuke and King, Gary and Stuart, Elizabeth A},
	Date-Added = {2020-01-02 11:39:40 -0800},
	Date-Modified = {2020-01-02 11:39:40 -0800},
	Journal = {Political analysis},
	Number = {3},
	Pages = {199--236},
	Publisher = {SPM-PMSAPSA},
	Title = {Matching as nonparametric preprocessing for reducing model dependence in parametric causal inference},
	Volume = {15},
	Year = {2007}}

@article{frank:sm2007,
	Author = {Frank, Kenneth and Min, Kyung-Seok},
	Date-Added = {2020-01-02 11:39:40 -0800},
	Date-Modified = {2020-01-02 11:39:40 -0800},
	Journal = {Sociological Methodology},
	Keywords = {sensitivity analysis;ovb},
	Number = {1},
	Pages = {349--392},
	Publisher = {SAGE Publications Sage CA: Los Angeles, CA},
	Title = {Indices of Robustness for Sample Representation},
	Volume = {37},
	Year = {2007},
	Bdsk-File-1 = {YnBsaXN0MDDSAQIDBFxyZWxhdGl2ZVBhdGhZYWxpYXNEYXRhXxBgLi4vLi4vLi4vTGlicmFyeS9GaWxlcy9mcmFuay9mcmFuayAoMjAwNykgLSAgaW5kaWNlcyBvZiByb2J1c3RuZXNzIGZvciBzYW1wbGUgcmVwcmVzZW50YXRpb24ucGRmTxECTAAAAAACTAACAAAMTWFjaW50b3NoIEhEAAAAAAAAAAAAAAAAAAAAAAAAAEJEAAH/////H2ZyYW5rICgyMDA3KSAtICBpbiNGRkZGRkZGRi5wZGYAAAAAAAAAAAAAAAAAAAAAAAAAAAAAAAAAAAAAAAAAAP////8AAAAAAAAAAAAAAAAAAwAEAAAKIGN1AAAAAAAAAAAAAAAAAAVmcmFuawAAAgB1LzpVc2VyczpjYXJsb3NjaW5lbGxpOkRyb3Bib3g6TGlicmFyeTpGaWxlczpmcmFuazpmcmFuayAoMjAwNykgLSAgaW5kaWNlcyBvZiByb2J1c3RuZXNzIGZvciBzYW1wbGUgcmVwcmVzZW50YXRpb24ucGRmAAAOAIgAQwBmAHIAYQBuAGsAIAAoADIAMAAwADcAKQAgAC0AIAAgAGkAbgBkAGkAYwBlAHMAIABvAGYAIAByAG8AYgB1AHMAdABuAGUAcwBzACAAZgBvAHIAIABzAGEAbQBwAGwAZQAgAHIAZQBwAHIAZQBzAGUAbgB0AGEAdABpAG8AbgAuAHAAZABmAA8AGgAMAE0AYQBjAGkAbgB0AG8AcwBoACAASABEABIAc1VzZXJzL2Nhcmxvc2NpbmVsbGkvRHJvcGJveC9MaWJyYXJ5L0ZpbGVzL2ZyYW5rL2ZyYW5rICgyMDA3KSAtICBpbmRpY2VzIG9mIHJvYnVzdG5lc3MgZm9yIHNhbXBsZSByZXByZXNlbnRhdGlvbi5wZGYAABMAAS8AABUAAgAU//8AAAAIAA0AGgAkAIcAAAAAAAACAQAAAAAAAAAFAAAAAAAAAAAAAAAAAAAC1w==}}

@article{frank2007indices,
	Author = {Frank, Kenneth and Min, Kyung-Seok},
	Date-Added = {2020-01-02 11:39:40 -0800},
	Date-Modified = {2020-01-02 11:39:40 -0800},
	Journal = {Sociological Methodology},
	Number = {1},
	Pages = {349--392},
	Publisher = {Wiley Online Library},
	Title = {Indices of robustness for sample representation},
	Volume = {37},
	Year = {2007}}

@article{rubin2007design,
	Author = {Rubin, Donald B},
	Date-Added = {2020-01-02 11:39:40 -0800},
	Date-Modified = {2020-01-02 11:39:40 -0800},
	Journal = {Statistics in medicine},
	Number = {1},
	Pages = {20--36},
	Publisher = {Wiley Online Library},
	Title = {The design versus the analysis of observational studies for causal effects: parallels with the design of randomized trials},
	Volume = {26},
	Year = {2007}}

@book{Li2007,
	Author = {Li, Q. and Racine, J. S.},
	Date-Added = {2020-01-02 11:39:40 -0800},
	Date-Modified = {2020-01-02 11:39:40 -0800},
	Owner = {jhainmueller},
	Publisher = {Princeton University Press},
	Timestamp = {2011.10.10},
	Title = {Nonparametric Econometrics: Theory and Practice},
	Year = {2007}}

@techreport{Rifkin2007,
	Author = {Rifkin, R. M. and Lippert, R. A.},
	Date-Added = {2020-01-02 11:39:40 -0800},
	Date-Modified = {2020-01-02 11:39:40 -0800},
	Institution = {MIT Computer Science and Artificial Intelligence Laboratory Technical Report},
	Owner = {jhainmueller},
	Timestamp = {2012.01.05},
	Title = {Notes on Regularized Least Squares},
	Year = {2007}}

@article{golder2006presidential,
	Author = {Golder, Matt},
	Date-Added = {2020-01-02 11:39:40 -0800},
	Date-Modified = {2020-01-02 11:39:40 -0800},
	Journal = {American Journal of Political Science},
	Number = {1},
	Pages = {34--48},
	Publisher = {Wiley Online Library},
	Title = {Presidential coattails and legislative fragmentation},
	Volume = {50},
	Year = {2006}}

@article{abadie2006large,
	Author = {Abadie, Alberto and Imbens, Guido W},
	Date-Added = {2020-01-02 11:39:40 -0800},
	Date-Modified = {2020-01-02 11:39:40 -0800},
	Journal = {Econometrica},
	Number = {1},
	Pages = {235--267},
	Publisher = {Wiley Online Library},
	Title = {Large sample properties of matching estimators for average treatment effects},
	Volume = {74},
	Year = {2006}}

@article{brambor2006understanding,
	Author = {Brambor, T. and Clark, W.R. and Golder, M.},
	Date-Added = {2020-01-02 11:39:40 -0800},
	Date-Modified = {2020-01-02 11:39:40 -0800},
	Journal = {Political Analysis},
	Number = {1},
	Pages = {63--82},
	Publisher = {SPM-PMSAPSA},
	Title = {Understanding interaction models: Improving empirical analyses},
	Volume = {14},
	Year = {2006}}

@article{King2006,
	Author = {Gary King and Langche Zeng},
	Date-Added = {2020-01-02 11:39:40 -0800},
	Date-Modified = {2020-01-02 11:39:40 -0800},
	Journal = {Political Analysis},
	Number = {2},
	Owner = {Jank Hainmueller},
	Timestamp = {2006.05.06},
	Title = {{The Dangers of Extreme Counterfactuals}},
	Volume = {14},
	Year = {2006}}

@article{king2006dangers,
	Author = {King, G. and Zeng, L.},
	Date-Added = {2020-01-02 11:39:40 -0800},
	Date-Modified = {2020-01-02 11:39:40 -0800},
	Journal = {Political Analysis},
	Number = {2},
	Pages = {131--159},
	Publisher = {SPM-PMSAPSA},
	Title = {The dangers of extreme counterfactuals},
	Volume = {14},
	Year = {2006}}

@article{micchelli2006universal,
	Author = {Micchelli, Charles A and Xu, Yuesheng and Zhang, Haizhang},
	Date-Added = {2020-01-02 11:39:40 -0800},
	Date-Modified = {2020-01-02 11:39:40 -0800},
	Journal = {The Journal of Machine Learning Research},
	Pages = {2651--2667},
	Publisher = {JMLR. org},
	Title = {Universal kernels},
	Volume = {7},
	Year = {2006}}

@article{bishop2006pattern,
	Author = {Bishop, C.M.},
	Date-Added = {2020-01-02 11:39:40 -0800},
	Date-Modified = {2020-01-02 11:39:40 -0800},
	Publisher = {Springer},
	Title = {Pattern recognition and machine learning},
	Year = {2006}}

@article{rasmussen2006gaussian,
	Author = {Rasmussen, Carl Edward},
	Date-Added = {2020-01-02 11:39:40 -0800},
	Date-Modified = {2020-01-02 11:39:40 -0800},
	Publisher = {Citeseer},
	Title = {Gaussian processes for machine learning},
	Year = {2006}}

@book{rubin2006matched,
	Author = {Rubin, Donald B},
	Date-Added = {2020-01-02 11:39:40 -0800},
	Date-Modified = {2020-01-02 11:39:40 -0800},
	Publisher = {Cambridge University Press},
	Title = {Matched sampling for causal effects},
	Year = {2006}}

@book{wood2006generalized,
	Author = {Wood, S.N.},
	Date-Added = {2020-01-02 11:39:40 -0800},
	Date-Modified = {2020-01-02 11:39:40 -0800},
	Publisher = {CRC Press},
	Title = {Generalized additive models: an introduction with R},
	Volume = {66},
	Year = {2006}}

@article{de2005model,
	Author = {De Vito, E. and Caponnetto, A. and Rosasco, L.},
	Date-Added = {2020-01-02 11:39:40 -0800},
	Date-Modified = {2020-01-02 11:39:40 -0800},
	Journal = {Foundations of Computational Mathematics},
	Number = {1},
	Pages = {59--85},
	Publisher = {Springer},
	Title = {Model selection for regularized least-squares algorithm in learning theory},
	Volume = {5},
	Year = {2005}}

@article{altonji2005evaluation,
	Author = {Altonji, Joseph G and Elder, Todd E and Taber, Christopher R},
	Date-Added = {2020-01-02 11:39:40 -0800},
	Date-Modified = {2020-01-02 11:39:40 -0800},
	Journal = {Journal of Human resources},
	Number = {4},
	Pages = {791--821},
	Publisher = {University of Wisconsin Press},
	Title = {An evaluation of instrumental variable strategies for estimating the effects of catholic schooling},
	Volume = {40},
	Year = {2005}}

@article{altonji2005selection,
	Author = {Altonji, Joseph G and Elder, Todd E and Taber, Christopher R},
	Date-Added = {2020-01-02 11:39:40 -0800},
	Date-Modified = {2020-01-02 11:39:40 -0800},
	Journal = {Journal of political economy},
	Number = {1},
	Pages = {151--184},
	Publisher = {The University of Chicago Press},
	Title = {Selection on observed and unobserved variables: Assessing the effectiveness of Catholic schools},
	Volume = {113},
	Year = {2005}}

@article{diamond2005genetic,
	Author = {Diamond, Alexis and Sekhon, Jasjeet S},
	Date-Added = {2020-01-02 11:39:40 -0800},
	Date-Modified = {2020-01-02 11:39:40 -0800},
	Journal = {Review of Economics and Statistics},
	Number = {0},
	Publisher = {MIT Press},
	Title = {Genetic matching for estimating causal effects: A general multivariate matching method for achieving balance in observational studies},
	Year = {2005}}

@incollection{rosenbaum2005,
	Author = {Rosenbaum, Paul R},
	Booktitle = {Encyclopedia of statistics in behavioral science},
	Date-Added = {2020-01-02 11:39:40 -0800},
	Date-Modified = {2020-01-02 11:39:40 -0800},
	Pages = {1809, 1814},
	Publisher = {John Wiley \& Sons Ltd},
	Title = {Sensitivity Analysis in Observational Studies},
	Volume = {4},
	Year = {2005}}

@article{rasmussen2004gaussian,
	Author = {Rasmussen, C.},
	Date-Added = {2020-01-02 11:39:40 -0800},
	Date-Modified = {2020-01-02 11:39:40 -0800},
	Journal = {Advanced Lectures on Machine Learning},
	Pages = {63--71},
	Publisher = {Springer},
	Title = {Gaussian processes in machine learning},
	Year = {2004}}

@article{fortna2004does,
	Author = {Fortna, Virginia Page},
	Date-Added = {2020-01-02 11:39:40 -0800},
	Date-Modified = {2020-01-02 11:39:40 -0800},
	Journal = {International Studies Quarterly},
	Number = {2},
	Pages = {269--292},
	Publisher = {Wiley Online Library},
	Title = {Does peacekeeping keep peace? International intervention and the duration of peace after civil war},
	Volume = {48},
	Year = {2004}}

@article{wood2004stable,
	Author = {Wood, S.N.},
	Date-Added = {2020-01-02 11:39:40 -0800},
	Date-Modified = {2020-01-02 11:39:40 -0800},
	Journal = {Journal of the American Statistical Association},
	Number = {467},
	Pages = {673--686},
	Publisher = {ASA},
	Title = {Stable and efficient multiple smoothing parameter estimation for generalized additive models},
	Volume = {99},
	Year = {2004}}

@article{brumback2004sensitivity,
	Author = {Brumback, Babette A and Hern{\'a}n, Miguel A and Haneuse, Sebastien JPA and Robins, James M},
	Date-Added = {2020-01-02 11:39:40 -0800},
	Date-Modified = {2020-01-02 11:39:40 -0800},
	Journal = {Statistics in medicine},
	Number = {5},
	Pages = {749--767},
	Publisher = {Wiley Online Library},
	Title = {Sensitivity analyses for unmeasured confounding assuming a marginal structural model for repeated measures},
	Volume = {23},
	Year = {2004}}

@article{HRW2004,
	Author = {{Human Rights Watch}},
	Date-Added = {2020-01-02 11:39:40 -0800},
	Date-Modified = {2020-01-02 11:39:40 -0800},
	Owner = {chadhazlett},
	Timestamp = {2015.07.12},
	Title = {Darfur Destroyed: Ethnic Cleansing by Government and Militia Forces in Western Sudan},
	Year = {2004}}

@inproceedings{zhang2004svm,
	Author = {Zhang, P. and Peng, J.},
	Booktitle = {Pattern Recognition, 2004. ICPR 2004. Proceedings of the 17th International Conference on},
	Date-Added = {2020-01-02 11:39:40 -0800},
	Date-Modified = {2020-01-02 11:39:40 -0800},
	Organization = {IEEE},
	Pages = {176--179},
	Title = {SVM vs regularized least squares classification},
	Volume = {1},
	Year = {2004}}

@article{signorino2003strategic,
	Author = {Signorino, C.S. and Yilmaz, K.},
	Date-Added = {2020-01-02 11:39:40 -0800},
	Date-Modified = {2020-01-02 11:39:40 -0800},
	Journal = {American Journal of Political Science},
	Number = {3},
	Pages = {551--566},
	Publisher = {Wiley Online Library},
	Title = {Strategic misspecification in regression models},
	Volume = {47},
	Year = {2003}}

@article{harff2003no,
	Author = {Harff, B.},
	Date-Added = {2020-01-02 11:39:40 -0800},
	Date-Modified = {2020-01-02 11:39:40 -0800},
	Journal = {American Political Science Review},
	Number = {1},
	Pages = {57--73},
	Publisher = {Cambridge Univ Press},
	Title = {No lessons learned from the Holocaust? Assessing risks of genocide and political mass murder since 1955},
	Volume = {97},
	Year = {2003}}

@article{wood2003thin,
	Author = {Wood, Simon N},
	Date-Added = {2020-01-02 11:39:40 -0800},
	Date-Modified = {2020-01-02 11:39:40 -0800},
	Journal = {Journal of the Royal Statistical Society: Series B (Statistical Methodology)},
	Number = {1},
	Pages = {95--114},
	Publisher = {Wiley Online Library},
	Title = {Thin plate regression splines},
	Volume = {65},
	Year = {2003}}

@article{rifkin2003regularized,
	Author = {Rifkin, R. and Yeo, G. and Poggio, T.},
	Date-Added = {2020-01-02 11:39:40 -0800},
	Date-Modified = {2020-01-02 11:39:40 -0800},
	Journal = {Nato Science Series Sub Series III Computer and Systems Sciences},
	Pages = {131--154},
	Publisher = {IOS PRESS},
	Title = {Regularized least-squares classification},
	Volume = {190},
	Year = {2003}}

@article{imbens2003sensitivity,
	Author = {Imbens, Guido W},
	Date-Added = {2020-01-02 11:39:40 -0800},
	Date-Modified = {2020-01-02 11:39:40 -0800},
	Journal = {The American Economic Review},
	Number = {2},
	Pages = {126--132},
	Publisher = {JSTOR},
	Title = {Sensitivity to exogeneity assumptions in program evaluation},
	Volume = {93},
	Year = {2003}}

@article{cawley2002reduced,
	Author = {Cawley, G.C. and Talbot, N.L.C.},
	Date-Added = {2020-01-02 11:39:40 -0800},
	Date-Modified = {2020-01-02 11:39:40 -0800},
	Journal = {Neural Processing Letters},
	Number = {3},
	Pages = {293--302},
	Publisher = {Springer},
	Title = {Reduced rank kernel ridge regression},
	Volume = {16},
	Year = {2002}}

@incollection{rosenbaum2002gamma,
	Author = {Rosenbaum, Paul R},
	Booktitle = {Observational studies},
	Date-Added = {2020-01-02 11:39:40 -0800},
	Date-Modified = {2020-01-02 11:39:40 -0800},
	Pages = {1--17},
	Publisher = {Springer},
	Title = {Observational studies},
	Year = {2002}}

@book{scholkopf2002learning,
	Author = {Sch{\"o}lkopf, B. and Smola, A.J.},
	Date-Added = {2020-01-02 11:39:40 -0800},
	Date-Modified = {2020-01-02 11:39:40 -0800},
	Publisher = {the MIT Press},
	Title = {Learning with kernels: Support vector machines, regularization, optimization, and beyond},
	Year = {2002}}

@book{shadishcook2002,
	Author = {William R.. Shadish and Cook, Thomas D and Campbell, Donald Thomas},
	Date-Added = {2020-01-02 11:39:40 -0800},
	Date-Modified = {2020-01-02 11:39:40 -0800},
	Publisher = {Wadsworth Cengage learning},
	Title = {Experimental and quasi-experimental designs for generalized causal inference},
	Year = {2002}}

@article{ajr2001,
	Author = {Acemoglu, Daron and Johnson, Simon and Robinson, James A.},
	Date-Added = {2020-01-02 11:39:40 -0800},
	Date-Modified = {2020-01-02 11:39:40 -0800},
	Doi = {10.1257/aer.91.5.1369},
	Journal = {American Economic Review},
	Month = {December},
	Number = {5},
	Pages = {1369-1401},
	Title = {The Colonial Origins of Comparative Development: An Empirical Investigation},
	Url = {http://www.aeaweb.org/articles?id=10.1257/aer.91.5.1369},
	Volume = {91},
	Year = {2001},
	Bdsk-Url-1 = {http://www.aeaweb.org/articles?id=10.1257/aer.91.5.1369},
	Bdsk-Url-2 = {http://dx.doi.org/10.1257/aer.91.5.1369}}

@article{wood2001mgcv,
	Author = {Wood, Simon N},
	Date-Added = {2020-01-02 11:39:40 -0800},
	Date-Modified = {2020-01-02 11:39:40 -0800},
	Journal = {R news},
	Number = {2},
	Pages = {20--25},
	Title = {mgcv: GAMs and generalized ridge regression for R},
	Volume = {1},
	Year = {2001}}

@article{smith2001reconciling,
	Author = {Smith, Jeffrey A and Todd, Petra E},
	Date-Added = {2020-01-02 11:39:40 -0800},
	Date-Modified = {2020-01-02 11:39:40 -0800},
	Journal = {The American Economic Review},
	Number = {2},
	Pages = {112--118},
	Publisher = {JSTOR},
	Title = {Reconciling conflicting evidence on the performance of propensity-score matching methods},
	Volume = {91},
	Year = {2001}}

@book{hall2001varieties,
	Author = {Hall, P.A. and Soskice, D.W. and Oxford University Press},
	Date-Added = {2020-01-02 11:39:40 -0800},
	Date-Modified = {2020-01-02 11:39:40 -0800},
	Publisher = {Wiley Online Library},
	Title = {Varieties of capitalism: The institutional foundations of comparative advantage},
	Year = {2001}}

@article{evgeniou2000regularization,
	Author = {Evgeniou, T. and Pontil, M. and Poggio, T.},
	Date-Added = {2020-01-02 11:39:40 -0800},
	Date-Modified = {2020-01-02 11:39:40 -0800},
	Journal = {Advances in Computational Mathematics},
	Number = {1},
	Pages = {1--50},
	Publisher = {Springer},
	Title = {Regularization networks and support vector machines},
	Volume = {13},
	Year = {2000}}

@article{Beck2000,
	Author = {Beck, N. and King, G. and Zeng, L.},
	Date-Added = {2020-01-02 11:39:40 -0800},
	Date-Modified = {2020-01-02 11:39:40 -0800},
	Journal = {American Political Science Review},
	Owner = {jhainmueller},
	Pages = {21-36},
	Timestamp = {2011.09.26},
	Title = {Improving Quantitative Studies of International Conflict: A Conjecture.},
	Volume = {94},
	Year = {2000}}

@article{doyle2000international,
	Author = {Doyle, Michael W and Sambanis, Nicholas},
	Date-Added = {2020-01-02 11:39:40 -0800},
	Date-Modified = {2020-01-02 11:39:40 -0800},
	Journal = {American political science review},
	Pages = {779--801},
	Publisher = {JSTOR},
	Title = {International peacebuilding: A theoretical and quantitative analysis},
	Year = {2000}}

@article{knight2000asymptotics,
	Author = {Knight, K. and Fu, W.},
	Date-Added = {2020-01-02 11:39:40 -0800},
	Date-Modified = {2020-01-02 11:39:40 -0800},
	Journal = {Annals of Statistics},
	Pages = {1356--1378},
	Publisher = {JSTOR},
	Title = {Asymptotics for lasso-type estimators},
	Year = {2000}}

@article{frank:smr2000,
	Author = {Frank, Kenneth A},
	Date-Added = {2020-01-02 11:39:40 -0800},
	Date-Modified = {2020-01-02 11:39:40 -0800},
	Journal = {Sociological Methods \& Research},
	Keywords = {sensitivity analysis; ovb;regression},
	Number = {2},
	Pages = {147--194},
	Publisher = {Sage Publications, Inc.},
	Read = {1},
	Title = {Impact of a confounding variable on a regression coefficient},
	Volume = {29},
	Year = {2000},
	Bdsk-File-1 = {YnBsaXN0MDDSAQIDBFxyZWxhdGl2ZVBhdGhZYWxpYXNEYXRhXxBtLi4vLi4vLi4vTGlicmFyeS9GaWxlcy9mcmFuay9mcmFuayAoMjAwMCkgLSAgaW1wYWN0IG9mIGEgY29uZm91bmRpbmcgdmFyaWFibGUgb24gYSByZWdyZXNzaW9uIGNvZWZmaWNpZW50LnBkZk8RAn4AAAAAAn4AAgAADE1hY2ludG9zaCBIRAAAAAAAAAAAAAAAAAAAAAAAAABCRAAB/////x9mcmFuayAoMjAwMCkgLSAgaW0jRkZGRkZGRkYucGRmAAAAAAAAAAAAAAAAAAAAAAAAAAAAAAAAAAAAAAAAAAD/////AAAAAAAAAAAAAAAAAAMABAAACiBjdQAAAAAAAAAAAAAAAAAFZnJhbmsAAAIAgi86VXNlcnM6Y2FybG9zY2luZWxsaTpEcm9wYm94OkxpYnJhcnk6RmlsZXM6ZnJhbms6ZnJhbmsgKDIwMDApIC0gIGltcGFjdCBvZiBhIGNvbmZvdW5kaW5nIHZhcmlhYmxlIG9uIGEgcmVncmVzc2lvbiBjb2VmZmljaWVudC5wZGYADgCiAFAAZgByAGEAbgBrACAAKAAyADAAMAAwACkAIAAtACAAIABpAG0AcABhAGMAdAAgAG8AZgAgAGEAIABjAG8AbgBmAG8AdQBuAGQAaQBuAGcAIAB2AGEAcgBpAGEAYgBsAGUAIABvAG4AIABhACAAcgBlAGcAcgBlAHMAcwBpAG8AbgAgAGMAbwBlAGYAZgBpAGMAaQBlAG4AdAAuAHAAZABmAA8AGgAMAE0AYQBjAGkAbgB0AG8AcwBoACAASABEABIAgFVzZXJzL2Nhcmxvc2NpbmVsbGkvRHJvcGJveC9MaWJyYXJ5L0ZpbGVzL2ZyYW5rL2ZyYW5rICgyMDAwKSAtICBpbXBhY3Qgb2YgYSBjb25mb3VuZGluZyB2YXJpYWJsZSBvbiBhIHJlZ3Jlc3Npb24gY29lZmZpY2llbnQucGRmABMAAS8AABUAAgAU//8AAAAIAA0AGgAkAJQAAAAAAAACAQAAAAAAAAAFAAAAAAAAAAAAAAAAAAADFg==}}

@article{frank2000impact,
	Author = {Frank, Kenneth A},
	Date-Added = {2020-01-02 11:39:40 -0800},
	Date-Modified = {2020-01-02 11:39:40 -0800},
	Journal = {Sociological Methods \& Research},
	Number = {2},
	Pages = {147--194},
	Publisher = {Sage Publications, Inc.},
	Title = {Impact of a confounding variable on a regression coefficient},
	Volume = {29},
	Year = {2000}}

@article{dehejia1999causal,
	Author = {Dehejia, Rajeev H and Wahba, Sadek},
	Date-Added = {2020-01-02 11:39:40 -0800},
	Date-Modified = {2020-01-02 11:39:40 -0800},
	Journal = {Journal of the American statistical Association},
	Number = {448},
	Pages = {1053--1062},
	Publisher = {Taylor \& Francis Group},
	Title = {Causal effects in nonexperimental studies: Reevaluating the evaluation of training programs},
	Volume = {94},
	Year = {1999}}

@article{robins1999association,
	Author = {Robins, James M},
	Date-Added = {2020-01-02 11:39:40 -0800},
	Date-Modified = {2020-01-02 11:39:40 -0800},
	Journal = {Synthese},
	Number = {1},
	Pages = {151--179},
	Publisher = {Springer},
	Title = {Association, causation, and marginal structural models},
	Volume = {121},
	Year = {1999}}

@article{Beck1998,
	Author = {Beck, N. and Jackman, S.},
	Date-Added = {2020-01-02 11:39:40 -0800},
	Date-Modified = {2020-01-02 11:39:40 -0800},
	Journal = {American Journal of Political Science},
	Number = {2},
	Owner = {jhainmueller},
	Timestamp = {2011.09.26},
	Title = {Beyond Linearity by Default: Generalized Additive Models},
	Volume = {42},
	Year = {1998}}

@article{iversen1998wage,
	Author = {Iversen, T.},
	Date-Added = {2020-01-02 11:39:40 -0800},
	Date-Modified = {2020-01-02 11:39:40 -0800},
	Journal = {International Organization},
	Number = {3},
	Pages = {469--504},
	Publisher = {Cambridge Univ Press},
	Title = {Wage bargaining, central bank independence, and the real effects of money},
	Volume = {52},
	Year = {1998}}

@book{GrodsteinStampfer,
	Author = {Grodstein, F and Stampfer, M.J.},
	Date-Added = {2020-01-02 11:39:40 -0800},
	Date-Modified = {2020-01-02 11:39:40 -0800},
	Editor = {J Studd},
	Owner = {chad},
	Publisher = {London: Parthenon},
	Timestamp = {2017.07.16},
	Title = {The cardioprotective effects of estrogen. In The Management of the Menopause,},
	Year = {1998}}

@techreport{heckman1998characterizing,
	Author = {Heckman, James and Ichimura, Hidehiko and Smith, Jeffrey and Todd, Petra},
	Date-Added = {2020-01-02 11:39:40 -0800},
	Date-Modified = {2020-01-02 11:39:40 -0800},
	Institution = {National bureau of economic research},
	Title = {Characterizing selection bias using experimental data},
	Year = {1998}}

@inproceedings{saunders1998ridge,
	Author = {Saunders, C. and Gammerman, A. and Vovk, V.},
	Booktitle = {Proceedings of the 15th International Conference on Machine Learning},
	Date-Added = {2020-01-02 11:39:40 -0800},
	Date-Modified = {2020-01-02 11:39:40 -0800},
	Organization = {San Frsncisco, CA, USA: Morgan Kaufmann},
	Pages = {515--521},
	Title = {Ridge regression learning algorithm in dual variables},
	Volume = {19980},
	Year = {1998}}

@book{grinstead1997introduction,
	Author = {Grinstead, C.M. and Snell, J.L.},
	Date-Added = {2020-01-02 11:39:40 -0800},
	Date-Modified = {2020-01-02 11:39:40 -0800},
	Publisher = {Amer Mathematical Society},
	Title = {Introduction to probability},
	Year = {1997}}

@book{long1997regression,
	Author = {Long, J Scott},
	Date-Added = {2020-01-02 11:39:40 -0800},
	Date-Modified = {2020-01-02 11:39:40 -0800},
	Publisher = {Sage Publications, Incorporated},
	Title = {Regression models for categorical and limited dependent variables},
	Volume = {7},
	Year = {1997}}

@incollection{kernelpca,
	Author = {Sch{\"o}lkopf, Bernhard and Smola, Alexander and M{\"u}ller, Klaus-Robert},
	Date-Added = {2020-01-02 11:39:40 -0800},
	Date-Modified = {2020-01-02 11:39:40 -0800},
	Pages = {583--588},
	Publisher = {Springer},
	Title = {Kernel principal component analysis},
	Year = {1997}}

@article{Bartels1996,
	Author = {Denzil G. Fiebig and Robert Bartels},
	Date-Added = {2020-01-02 11:39:40 -0800},
	Date-Modified = {2020-01-02 11:39:40 -0800},
	Doi = {10.1080/07474939608800365},
	Eprint = {http://dx.doi.org/10.1080/07474939608800365},
	Journal = {Econometric Reviews},
	Number = {4},
	Pages = {431-443},
	Title = {The frisch-waugh theorem and generalized least squares},
	Url = {http://dx.doi.org/10.1080/07474939608800365},
	Volume = {15},
	Year = {1996},
	Bdsk-Url-1 = {http://dx.doi.org/10.1080/07474939608800365}}

@article{lasso,
	Author = {Tibshirani, Robert},
	Date-Added = {2020-01-02 11:39:40 -0800},
	Date-Modified = {2020-01-02 11:39:40 -0800},
	Journal = {Journal of the Royal Statistical Society. Series B (Methodological)},
	Pages = {267--288},
	Publisher = {JSTOR},
	Title = {Regression shrinkage and selection via the lasso},
	Year = {1996}}

@article{tibshirani1996regression,
	Author = {Tibshirani, R.},
	Date-Added = {2020-01-02 11:39:40 -0800},
	Date-Modified = {2020-01-02 11:39:40 -0800},
	Journal = {Journal of the Royal Statistical Society. Series B (Methodological)},
	Pages = {267--288},
	Publisher = {JSTOR},
	Title = {Regression shrinkage and selection via the lasso},
	Year = {1996}}

@book{Fan1996,
	Author = {Fan, J. and Gijbels, I.},
	Date-Added = {2020-01-02 11:39:40 -0800},
	Date-Modified = {2020-01-02 11:39:40 -0800},
	Owner = {jhainmueller},
	Publisher = {Chapman and Hall},
	Timestamp = {2011.10.10},
	Title = {Local Polynomial Modeling and its Applications},
	Year = {1996}}

@article{cortes1995support,
	Author = {Cortes, Corinna and Vapnik, Vladimir},
	Date-Added = {2020-01-02 11:39:40 -0800},
	Date-Modified = {2020-01-02 11:39:40 -0800},
	Journal = {Machine learning},
	Number = {3},
	Pages = {273--297},
	Publisher = {Springer},
	Title = {Support-vector networks},
	Volume = {20},
	Year = {1995}}

@article{hardie1994applied,
	Author = {Hardie, W. and Linton, O.},
	Date-Added = {2020-01-02 11:39:40 -0800},
	Date-Modified = {2020-01-02 11:39:40 -0800},
	Journal = {Handbook of econometrics},
	Pages = {2295--2339},
	Title = {Applied nonparametric methods},
	Volume = {4},
	Year = {1994}}

@article{politis1994large,
	Author = {Politis, Dimitris N and Romano, Joseph P},
	Date-Added = {2020-01-02 11:39:40 -0800},
	Date-Modified = {2020-01-02 11:39:40 -0800},
	Journal = {The Annals of Statistics},
	Pages = {2031--2050},
	Publisher = {JSTOR},
	Title = {Large sample confidence regions based on subsamples under minimal assumptions},
	Year = {1994}}

@article{rubin1992affinely,
	Author = {Rubin, Donald B and Thomas, Neal},
	Date-Added = {2020-01-02 11:39:40 -0800},
	Date-Modified = {2020-01-02 11:39:40 -0800},
	Journal = {The Annals of Statistics},
	Pages = {1079--1093},
	Publisher = {JSTOR},
	Title = {Affinely invariant matching methods with ellipsoidal distributions},
	Year = {1992}}

@article{jackson1991estimation,
	Author = {Jackson, John E},
	Date-Added = {2020-01-02 11:39:40 -0800},
	Date-Modified = {2020-01-02 11:39:40 -0800},
	Journal = {Political Analysis},
	Number = {1},
	Pages = {27--49},
	Publisher = {SPM-PMSAPSA},
	Title = {Estimation of models with variable coefficients},
	Volume = {3},
	Year = {1991}}

@article{alvarez1991government,
	Author = {Alvarez, R.M. and Garrett, G. and Lange, P.},
	Date-Added = {2020-01-02 11:39:40 -0800},
	Date-Modified = {2020-01-02 11:39:40 -0800},
	Journal = {The American Political Science Review},
	Pages = {539--556},
	Publisher = {JSTOR},
	Title = {Government partisanship, labor organization, and macroeconomic performance},
	Year = {1991}}

@article{rubin1990application,
	Author = {Rubin, Donald B},
	Date-Added = {2020-01-02 11:39:40 -0800},
	Date-Modified = {2020-01-02 11:39:40 -0800},
	Journal = {Statistical Science},
	Pages = {472--480},
	Publisher = {JSTOR},
	Title = {[On the Application of Probability Theory to Agricultural Experiments. Essay on Principles. Section 9.] Comment: Neyman (1923) and Causal Inference in Experiments and Observational Studies},
	Year = {1990}}

@book{hastie1990generalized,
	Author = {Hastie, T.J. and Tibshirani, R.J.},
	Date-Added = {2020-01-02 11:39:40 -0800},
	Date-Modified = {2020-01-02 11:39:40 -0800},
	Publisher = {Chapman \& Hall/CRC},
	Title = {Generalized additive models},
	Year = {1990}}

@book{wahba1990spline,
	Author = {Wahba, G.},
	Date-Added = {2020-01-02 11:39:40 -0800},
	Date-Modified = {2020-01-02 11:39:40 -0800},
	Publisher = {Society for Industrial Mathematics},
	Title = {Spline models for observational data},
	Volume = {59},
	Year = {1990}}

@article{kruskal:as1989,
	Author = {Kruskal, William and Majors, Ruth},
	Date-Added = {2020-01-02 11:39:40 -0800},
	Date-Modified = {2020-01-02 11:39:40 -0800},
	Journal = {The American Statistician},
	Keywords = {variable importance;},
	Number = {1},
	Pages = {2--6},
	Publisher = {Taylor \& Francis Group},
	Title = {Concepts of relative importance in recent scientific literature},
	Volume = {43},
	Year = {1989},
	Bdsk-File-1 = {YnBsaXN0MDDSAQIDBFxyZWxhdGl2ZVBhdGhZYWxpYXNEYXRhXxB0Li4vLi4vLi4vTGlicmFyeS9GaWxlcy9rcnVza2FsL2tydXNrYWwgKDE5ODkpIC0gIGNvbmNlcHRzIG9mIHJlbGF0aXZlIGltcG9ydGFuY2UgaW4gcmVjZW50IHNjaWVudGlmaWMgbGl0ZXJhdHVyZS5wZGZPEQKaAAAAAAKaAAIAAAxNYWNpbnRvc2ggSEQAAAAAAAAAAAAAAAAAAAAAAAAAQkQAAf////8fa3J1c2thbCAoMTk4OSkgLSAgI0ZGRkZGRkZGLnBkZgAAAAAAAAAAAAAAAAAAAAAAAAAAAAAAAAAAAAAAAAAA/////wAAAAAAAAAAAAAAAAADAAQAAAogY3UAAAAAAAAAAAAAAAAAB2tydXNrYWwAAAIAiS86VXNlcnM6Y2FybG9zY2luZWxsaTpEcm9wYm94OkxpYnJhcnk6RmlsZXM6a3J1c2thbDprcnVza2FsICgxOTg5KSAtICBjb25jZXB0cyBvZiByZWxhdGl2ZSBpbXBvcnRhbmNlIGluIHJlY2VudCBzY2llbnRpZmljIGxpdGVyYXR1cmUucGRmAAAOAKwAVQBrAHIAdQBzAGsAYQBsACAAKAAxADkAOAA5ACkAIAAtACAAIABjAG8AbgBjAGUAcAB0AHMAIABvAGYAIAByAGUAbABhAHQAaQB2AGUAIABpAG0AcABvAHIAdABhAG4AYwBlACAAaQBuACAAcgBlAGMAZQBuAHQAIABzAGMAaQBlAG4AdABpAGYAaQBjACAAbABpAHQAZQByAGEAdAB1AHIAZQAuAHAAZABmAA8AGgAMAE0AYQBjAGkAbgB0AG8AcwBoACAASABEABIAh1VzZXJzL2Nhcmxvc2NpbmVsbGkvRHJvcGJveC9MaWJyYXJ5L0ZpbGVzL2tydXNrYWwva3J1c2thbCAoMTk4OSkgLSAgY29uY2VwdHMgb2YgcmVsYXRpdmUgaW1wb3J0YW5jZSBpbiByZWNlbnQgc2NpZW50aWZpYyBsaXRlcmF0dXJlLnBkZgAAEwABLwAAFQACABT//wAAAAgADQAaACQAmwAAAAAAAAIBAAAAAAAAAAUAAAAAAAAAAAAAAAAAAAM5}}

@book{rogowski1989commerce,
	Author = {Rogowski, R.},
	Date-Added = {2020-01-02 11:39:40 -0800},
	Date-Modified = {2020-01-02 11:39:40 -0800},
	Publisher = {Princeton University Press Princeton, NJ},
	Title = {Commerce and coalitions},
	Year = {1989}}

@article{owen1988empirical,
	Author = {Owen, Art B},
	Date-Added = {2020-01-02 11:39:40 -0800},
	Date-Modified = {2020-01-02 11:39:40 -0800},
	Journal = {Biometrika},
	Number = {2},
	Pages = {237--249},
	Publisher = {Biometrika Trust},
	Title = {Empirical likelihood ratio confidence intervals for a single functional},
	Volume = {75},
	Year = {1988}}

@article{lalonde1986evaluating,
	Author = {LaLonde, Robert J},
	Date-Added = {2020-01-02 11:39:40 -0800},
	Date-Modified = {2020-01-02 11:39:40 -0800},
	Journal = {The American Economic Review},
	Pages = {604--620},
	Publisher = {JSTOR},
	Title = {Evaluating the econometric evaluations of training programs with experimental data},
	Year = {1986}}

@book{achen1986statistical,
	Author = {Achen, Christopher H},
	Date-Added = {2020-01-02 11:39:40 -0800},
	Date-Modified = {2020-01-02 11:39:40 -0800},
	Publisher = {Univ of California Press},
	Title = {The statistical analysis of quasi-experiments},
	Year = {1986}}

@article{rosenbaum1985bias,
	Author = {Rosenbaum, Paul R and Rubin, Donald B},
	Date-Added = {2020-01-02 11:39:40 -0800},
	Date-Modified = {2020-01-02 11:39:40 -0800},
	Journal = {Biometrics},
	Pages = {103--116},
	Publisher = {JSTOR},
	Title = {The bias due to incomplete matching},
	Year = {1985}}

@article{rosenbaum:jrsssg1984,
	Author = {Rosenbaum, Paul R},
	Date-Added = {2020-01-02 11:39:40 -0800},
	Date-Modified = {2020-01-02 11:39:40 -0800},
	Journal = {Journal of the Royal Statistical Society: Series A (General)},
	Keywords = {sensitivity analysis;},
	Number = {5},
	Pages = {656--666},
	Publisher = {Wiley Online Library},
	Title = {The consequences of adjustment for a concomitant variable that has been affected by the treatment},
	Volume = {147},
	Year = {1984},
	Bdsk-File-1 = {YnBsaXN0MDDSAQIDBFxyZWxhdGl2ZVBhdGhZYWxpYXNEYXRhXxCaLi4vLi4vLi4vTGlicmFyeS9GaWxlcy9yb3NlbmJhdW0vcm9zZW5iYXVtICgxOTg0KSAtICB0aGUgY29uc2VxdWVuY2VzIG9mIGFkanVzdG1lbnQgZm9yIGEgY29uY29taXRhbnQgdmFyaWFibGUgdGhhdCBoYXMgYmVlbiBhZmZlY3RlZCBieSB0aGUgdHJlYXRtZW50LnBkZk8RAzAAAAAAAzAAAgAADE1hY2ludG9zaCBIRAAAAAAAAAAAAAAAAAAAAAAAAABCRAAB/////x9yb3NlbmJhdW0gKDE5ODQpIC0jRkZGRkZGRkYucGRmAAAAAAAAAAAAAAAAAAAAAAAAAAAAAAAAAAAAAAAAAAD/////AAAAAAAAAAAAAAAAAAMABAAACiBjdQAAAAAAAAAAAAAAAAAJcm9zZW5iYXVtAAACAK8vOlVzZXJzOmNhcmxvc2NpbmVsbGk6RHJvcGJveDpMaWJyYXJ5OkZpbGVzOnJvc2VuYmF1bTpyb3NlbmJhdW0gKDE5ODQpIC0gIHRoZSBjb25zZXF1ZW5jZXMgb2YgYWRqdXN0bWVudCBmb3IgYSBjb25jb21pdGFudCB2YXJpYWJsZSB0aGF0IGhhcyBiZWVuIGFmZmVjdGVkIGJ5IHRoZSB0cmVhdG1lbnQucGRmAAAOAPQAeQByAG8AcwBlAG4AYgBhAHUAbQAgACgAMQA5ADgANAApACAALQAgACAAdABoAGUAIABjAG8AbgBzAGUAcQB1AGUAbgBjAGUAcwAgAG8AZgAgAGEAZABqAHUAcwB0AG0AZQBuAHQAIABmAG8AcgAgAGEAIABjAG8AbgBjAG8AbQBpAHQAYQBuAHQAIAB2AGEAcgBpAGEAYgBsAGUAIAB0AGgAYQB0ACAAaABhAHMAIABiAGUAZQBuACAAYQBmAGYAZQBjAHQAZQBkACAAYgB5ACAAdABoAGUAIAB0AHIAZQBhAHQAbQBlAG4AdAAuAHAAZABmAA8AGgAMAE0AYQBjAGkAbgB0AG8AcwBoACAASABEABIArVVzZXJzL2Nhcmxvc2NpbmVsbGkvRHJvcGJveC9MaWJyYXJ5L0ZpbGVzL3Jvc2VuYmF1bS9yb3NlbmJhdW0gKDE5ODQpIC0gIHRoZSBjb25zZXF1ZW5jZXMgb2YgYWRqdXN0bWVudCBmb3IgYSBjb25jb21pdGFudCB2YXJpYWJsZSB0aGF0IGhhcyBiZWVuIGFmZmVjdGVkIGJ5IHRoZSB0cmVhdG1lbnQucGRmAAATAAEvAAAVAAIAFP//AAAACAANABoAJADBAAAAAAAAAgEAAAAAAAAABQAAAAAAAAAAAAAAAAAAA/U=}}

@article{cressie1984multinomial,
	Author = {Cressie, Noel and Read, Timothy RC},
	Date-Added = {2020-01-02 11:39:40 -0800},
	Date-Modified = {2020-01-02 11:39:40 -0800},
	Journal = {Journal of the Royal Statistical Society. Series B (Methodological)},
	Pages = {440--464},
	Publisher = {JSTOR},
	Title = {Multinomial goodness-of-fit tests},
	Year = {1984}}

@article{rosenbaum1983central,
	Author = {Rosenbaum, Paul R and Rubin, Donald B},
	Date-Added = {2020-01-02 11:39:40 -0800},
	Date-Modified = {2020-01-02 11:39:40 -0800},
	Journal = {Biometrika},
	Number = {1},
	Pages = {41--55},
	Publisher = {Biometrika Trust},
	Title = {The central role of the propensity score in observational studies for causal effects},
	Volume = {70},
	Year = {1983}}

@article{leamer1983let,
	Author = {Leamer, E.E.},
	Date-Added = {2020-01-02 11:39:40 -0800},
	Date-Modified = {2020-01-02 11:39:40 -0800},
	Journal = {The American Economic Review},
	Number = {1},
	Pages = {31--43},
	Publisher = {JSTOR},
	Title = {Let's take the con out of econometrics},
	Volume = {73},
	Year = {1983}}

@article{raking,
	Author = {Kalton, Graham},
	Date-Added = {2020-01-02 11:39:40 -0800},
	Date-Modified = {2020-01-02 11:39:40 -0800},
	Publisher = {Ann Arbor Michigan University of Michigan Insitute for Social Research Survey Research Center 1983.},
	Title = {Compensating for missing survey data.},
	Year = {1983}}

@article{friedrich1982defense,
	Author = {Friedrich, Robert J},
	Date-Added = {2020-01-02 11:39:40 -0800},
	Date-Modified = {2020-01-02 11:39:40 -0800},
	Journal = {American Journal of Political Science},
	Pages = {797--833},
	Publisher = {JSTOR},
	Title = {In defense of multiplicative terms in multiple regression equations},
	Year = {1982}}

@article{leamer1982sets,
	Author = {Leamer, Edward E},
	Date-Added = {2020-01-02 11:39:40 -0800},
	Date-Modified = {2020-01-02 11:39:40 -0800},
	Journal = {Econometrica: Journal of the Econometric Society},
	Pages = {725--736},
	Publisher = {JSTOR},
	Title = {Sets of posterior means with bounded variance priors},
	Year = {1982}}

@book{cook1982residuals,
	Author = {Cook, R.D. and Weisberg, S.},
	Date-Added = {2020-01-02 11:39:40 -0800},
	Date-Modified = {2020-01-02 11:39:40 -0800},
	Publisher = {Chapman and Hall New York},
	Title = {Residuals and influence in regression},
	Volume = {5},
	Year = {1982}}

@article{white1981consequences,
	Author = {White, H.},
	Date-Added = {2020-01-02 11:39:40 -0800},
	Date-Modified = {2020-01-02 11:39:40 -0800},
	Journal = {Journal of the American Statistical Association},
	Pages = {419--433},
	Publisher = {JSTOR},
	Title = {Consequences and detection of misspecified nonlinear regression models},
	Year = {1981}}

@article{white1980using,
	Author = {White, H.},
	Date-Added = {2020-01-02 11:39:40 -0800},
	Date-Modified = {2020-01-02 11:39:40 -0800},
	Journal = {International Economic Review},
	Number = {1},
	Pages = {149--170},
	Publisher = {JSTOR},
	Title = {Using least squares to approximate unknown regression functions},
	Volume = {21},
	Year = {1980}}

@book{belsley1980regression,
	Author = {Belsley, D.A. and Kuh, E. and Welsch, R.E.},
	Date-Added = {2020-01-02 11:39:40 -0800},
	Date-Modified = {2020-01-02 11:39:40 -0800},
	Publisher = {Wiley Online Library},
	Title = {Regression diagnostics},
	Year = {1980}}

@article{golub1979generalized,
	Author = {Golub, Gene H and Heath, Michael and Wahba, Grace},
	Date-Added = {2020-01-02 11:39:40 -0800},
	Date-Modified = {2020-01-02 11:39:40 -0800},
	Journal = {Technometrics},
	Number = {2},
	Pages = {215--223},
	Publisher = {Taylor \& Francis Group},
	Title = {Generalized cross-validation as a method for choosing a good ridge parameter},
	Volume = {21},
	Year = {1979}}

@article{craven1978smoothing,
	Author = {Craven, P. and Wahba, G.},
	Date-Added = {2020-01-02 11:39:40 -0800},
	Date-Modified = {2020-01-02 11:39:40 -0800},
	Journal = {Numerische Mathematik},
	Number = {4},
	Pages = {377--403},
	Publisher = {Springer},
	Title = {Smoothing noisy data with spline functions},
	Volume = {31},
	Year = {1978}}

@article{rubin1973matching,
	Author = {Rubin, Donald B},
	Date-Added = {2020-01-02 11:39:40 -0800},
	Date-Modified = {2020-01-02 11:39:40 -0800},
	Journal = {Biometrics},
	Pages = {159--183},
	Publisher = {JSTOR},
	Title = {Matching to remove bias in observational studies},
	Year = {1973}}

@article{kimeldorf1970correspondence,
	Author = {Kimeldorf, G.S. and Wahba, G.},
	Date-Added = {2020-01-02 11:39:40 -0800},
	Date-Modified = {2020-01-02 11:39:40 -0800},
	Journal = {The Annals of Mathematical Statistics},
	Number = {2},
	Pages = {495--502},
	Publisher = {JSTOR},
	Title = {A correspondence between Bayesian estimation on stochastic processes and smoothing by splines},
	Volume = {41},
	Year = {1970}}

@article{ramsey1969tests,
	Author = {Ramsey, J.B.},
	Date-Added = {2020-01-02 11:39:40 -0800},
	Date-Modified = {2020-01-02 11:39:40 -0800},
	Journal = {Journal of the Royal Statistical Society. Series B (Methodological)},
	Pages = {350--371},
	Publisher = {JSTOR},
	Title = {Tests for specification errors in classical linear least-squares regression analysis},
	Year = {1969}}

@article{watson1964smooth,
	Author = {Watson, Geoffrey S},
	Date-Added = {2020-01-02 11:39:40 -0800},
	Date-Modified = {2020-01-02 11:39:40 -0800},
	Journal = {Sankhy{\=a}: The Indian Journal of Statistics, Series A},
	Pages = {359--372},
	Publisher = {JSTOR},
	Title = {Smooth regression analysis},
	Year = {1964}}

@article{nadaraya1964estimating,
	Author = {Nadaraya, Elizbar A},
	Date-Added = {2020-01-02 11:39:40 -0800},
	Date-Modified = {2020-01-02 11:39:40 -0800},
	Journal = {Theory of Probability \& Its Applications},
	Number = {1},
	Pages = {141--142},
	Publisher = {SIAM},
	Title = {On estimating regression},
	Volume = {9},
	Year = {1964}}

@article{larson1963biases,
	Author = {Larson, H.J. and Bancroft, TA},
	Date-Added = {2020-01-02 11:39:40 -0800},
	Date-Modified = {2020-01-02 11:39:40 -0800},
	Journal = {Biometrika},
	Number = {3/4},
	Pages = {391--402},
	Publisher = {JSTOR},
	Title = {Biases in prediction by regression for certain incompletely specified models},
	Volume = {50},
	Year = {1963}}

@article{Tychonoff1963,
	Author = {Tychonoff, A. N.},
	Date-Added = {2020-01-02 11:39:40 -0800},
	Date-Modified = {2020-01-02 11:39:40 -0800},
	Journal = {Doklady Akademii Nauk SSSR},
	Owner = {jhainmueller},
	Timestamp = {2011.10.17},
	Title = {Solution of incorrectly formulated problems and the regularization method},
	Volume = {151},
	Year = {1963}}

@article{lovell1963seasonal,
	Author = {Lovell, Michael C},
	Date-Added = {2020-01-02 11:39:40 -0800},
	Date-Modified = {2020-01-02 11:39:40 -0800},
	Journal = {Journal of the American Statistical Association},
	Number = {304},
	Pages = {993--1010},
	Publisher = {Taylor \&amp; Francis},
	Title = {Seasonal adjustment of economic time series and multiple regression analysis},
	Volume = {58},
	Year = {1963}}

@article{parzen1962estimation,
	Author = {Parzen, Emanuel},
	Date-Added = {2020-01-02 11:39:40 -0800},
	Date-Modified = {2020-01-02 11:39:40 -0800},
	Journal = {The annals of mathematical statistics},
	Number = {3},
	Pages = {1065--1076},
	Publisher = {JSTOR},
	Title = {On estimation of a probability density function and mode},
	Volume = {33},
	Year = {1962}}

@article{cornfield1959smoking,
	Author = {Cornfield, Jerome and Haenszel, William and Hammond, E Cuyler and Lilienfeld, Abraham M and Shimkin, Michael B and Wynder, Ernst L},
	Date-Added = {2020-01-02 11:39:40 -0800},
	Date-Modified = {2020-01-02 11:39:40 -0800},
	Journal = {journal of National Cancer Institute},
	Number = {23},
	Pages = {173--203},
	Publisher = {Oxford University Press},
	Title = {Smoking and lung cancer: recent evidence and a discussion of some questions},
	Year = {1959}}

@article{aronszajn1950theory,
	Author = {Aronszajn, N.},
	Date-Added = {2020-01-02 11:39:40 -0800},
	Date-Modified = {2020-01-02 11:39:40 -0800},
	Journal = {Transactions of the American Mathematical Society},
	Number = {3},
	Pages = {337--404},
	Title = {Theory of Reproducing Kernels},
	Volume = {68},
	Year = {1950}}

@article{eckart1936approximation,
	Author = {Eckart, Carl and Young, Gale},
	Date-Added = {2020-01-02 11:39:40 -0800},
	Date-Modified = {2020-01-02 11:39:40 -0800},
	Journal = {Psychometrika},
	Number = {3},
	Pages = {211--218},
	Publisher = {Springer},
	Title = {The approximation of one matrix by another of lower rank},
	Volume = {1},
	Year = {1936}}

@article{frisch1933partial,
	Author = {Frisch, Ragnar and Waugh, Frederick V},
	Date-Added = {2020-01-02 11:39:40 -0800},
	Date-Modified = {2020-01-02 11:39:40 -0800},
	Journal = {Econometrica: Journal of the Econometric Society},
	Pages = {387--401},
	Publisher = {JSTOR},
	Title = {Partial time regressions as compared with individual trends},
	Year = {1933}}

@article{neyman1923,
	Author = {Neyman, Jerzy and Dabrowska, DM and Speed, TP},
	Date-Added = {2020-01-02 11:39:40 -0800},
	Date-Modified = {2020-01-02 11:39:40 -0800},
	Journal = {Statistical Science},
	Number = {4},
	Pages = {465--472},
	Publisher = {Institute of Mathematical Statistics},
	Title = {On the application of probability theory to agricultural experiments. Essay on principles. Section 9},
	Volume = {5},
	Year = {1923[1990]}}

@article{mercer1909functions,
	Author = {Mercer, James},
	Date-Added = {2020-01-02 11:39:40 -0800},
	Date-Modified = {2020-01-02 11:39:40 -0800},
	Journal = {Philosophical transactions of the royal society of London. Series A, containing papers of a mathematical or physical character},
	Pages = {415--446},
	Publisher = {JSTOR},
	Title = {Functions of positive and negative type, and their connection with the theory of integral equations},
	Volume = {209},
	Year = {1909}}

@article{Rosenbaum1983,
	Author = {Rosenbaum, Paul R and Rubin, Donald B},
	Date-Added = {2020-01-02 11:38:52 -0800},
	Date-Modified = {2020-01-02 11:38:52 -0800},
	Journal = {Biometrika},
	Number = {1},
	Pages = {41--55},
	Publisher = {Biometrika Trust},
	Title = {The central role of the propensity score in observational studies for causal effects},
	Volume = {70},
	Year = {1983}}

@article{rosenbaum1983assessing,
	Author = {Rosenbaum, Paul R and Rubin, Donald B},
	Date-Added = {2020-01-02 11:38:52 -0800},
	Date-Modified = {2020-01-02 11:38:52 -0800},
	Journal = {Journal of the Royal Statistical Society. Series B (Methodological)},
	Pages = {212--218},
	Publisher = {JSTOR},
	Title = {Assessing sensitivity to an unobserved binary covariate in an observational study with binary outcome},
	Year = {1983}}

@manual{r-core-team:2019,
	Address = {Vienna, Austria},
	Author = {{R Core Team}},
	Date-Added = {2019-12-30 11:40:48 -0800},
	Date-Modified = {2019-12-30 11:40:48 -0800},
	Organization = {R Foundation for Statistical Computing},
	Title = {R: A Language and Environment for Statistical Computing},
	Url = {http://www.R-project.org/},
	Year = {2019},
	Bdsk-Url-1 = {http://www.R-project.org/}}

@article{hazlett:2019,
	Author = {Hazlett, Chad; Parente, Francesca},
	Date-Added = {2019-12-26 12:53:04 -0800},
	Date-Modified = {2019-12-30 11:41:40 -0800},
	Keywords = {sensitivity analysis; robustness value;},
	Title = {Credible or Confounded? Applying sensitivity analyses to improve research and its evaluation under imperfect identification},
	Year = {2019},
	Bdsk-File-1 = {YnBsaXN0MDDSAQIDBFxyZWxhdGl2ZVBhdGhZYWxpYXNEYXRhXxCILi4vLi4vLi4vTGlicmFyeS9GaWxlcy9oYXpsZXR0L2hhemxldHQgKDIwMTgpIC0gIGNyZWRpYmxlIG9yIGNvbmZvdW5kZWQgd2hhdCB3ZSBkbyAobm90KSBrbm93IGFib3V0IHdobyBzdXBwb3J0cyBwZWFjZSB3aXRoIHRoZSBmYXJjLnBkZk8RAuoAAAAAAuoAAgAADE1hY2ludG9zaCBIRAAAAAAAAAAAAAAAAAAAAAAAAABCRAAB/////x9oYXpsZXR0ICgyMDE4KSAtICAjRkZGRkZGRkYucGRmAAAAAAAAAAAAAAAAAAAAAAAAAAAAAAAAAAAAAAAAAAD/////AAAAAAAAAAAAAAAAAAMABAAACiBjdQAAAAAAAAAAAAAAAAAHaGF6bGV0dAAAAgCdLzpVc2VyczpjYXJsb3NjaW5lbGxpOkRyb3Bib3g6TGlicmFyeTpGaWxlczpoYXpsZXR0OmhhemxldHQgKDIwMTgpIC0gIGNyZWRpYmxlIG9yIGNvbmZvdW5kZWQgd2hhdCB3ZSBkbyAobm90KSBrbm93IGFib3V0IHdobyBzdXBwb3J0cyBwZWFjZSB3aXRoIHRoZSBmYXJjLnBkZgAADgDUAGkAaABhAHoAbABlAHQAdAAgACgAMgAwADEAOAApACAALQAgACAAYwByAGUAZABpAGIAbABlACAAbwByACAAYwBvAG4AZgBvAHUAbgBkAGUAZAAgAHcAaABhAHQAIAB3AGUAIABkAG8AIAAoAG4AbwB0ACkAIABrAG4AbwB3ACAAYQBiAG8AdQB0ACAAdwBoAG8AIABzAHUAcABwAG8AcgB0AHMAIABwAGUAYQBjAGUAIAB3AGkAdABoACAAdABoAGUAIABmAGEAcgBjAC4AcABkAGYADwAaAAwATQBhAGMAaQBuAHQAbwBzAGgAIABIAEQAEgCbVXNlcnMvY2FybG9zY2luZWxsaS9Ecm9wYm94L0xpYnJhcnkvRmlsZXMvaGF6bGV0dC9oYXpsZXR0ICgyMDE4KSAtICBjcmVkaWJsZSBvciBjb25mb3VuZGVkIHdoYXQgd2UgZG8gKG5vdCkga25vdyBhYm91dCB3aG8gc3VwcG9ydHMgcGVhY2Ugd2l0aCB0aGUgZmFyYy5wZGYAABMAAS8AABUAAgAU//8AAAAIAA0AGgAkAK8AAAAAAAACAQAAAAAAAAAFAAAAAAAAAAAAAAAAAAADnQ==},
	Bdsk-File-2 = {YnBsaXN0MDDSAQIDBFxyZWxhdGl2ZVBhdGhZYWxpYXNEYXRhXxCJLi4vLi4vLi4vTGlicmFyeS9GaWxlcy9oYXpsZXR0L2hhemxldHQgKDIwMThiKSAtICBjcmVkaWJsZSBvciBjb25mb3VuZGVkIHdoYXQgd2UgZG8gKG5vdCkga25vdyBhYm91dCB3aG8gc3VwcG9ydHMgcGVhY2Ugd2l0aCB0aGUgZmFyYy5wZGZPEQLsAAAAAALsAAIAAAxNYWNpbnRvc2ggSEQAAAAAAAAAAAAAAAAAAAAAAAAAQkQAAf////8faGF6bGV0dCAoMjAxOGIpIC0gI0ZGRkZGRkZGLnBkZgAAAAAAAAAAAAAAAAAAAAAAAAAAAAAAAAAAAAAAAAAA/////wAAAAAAAAAAAAAAAAADAAQAAAogY3UAAAAAAAAAAAAAAAAAB2hhemxldHQAAAIAni86VXNlcnM6Y2FybG9zY2luZWxsaTpEcm9wYm94OkxpYnJhcnk6RmlsZXM6aGF6bGV0dDpoYXpsZXR0ICgyMDE4YikgLSAgY3JlZGlibGUgb3IgY29uZm91bmRlZCB3aGF0IHdlIGRvIChub3QpIGtub3cgYWJvdXQgd2hvIHN1cHBvcnRzIHBlYWNlIHdpdGggdGhlIGZhcmMucGRmAA4A1gBqAGgAYQB6AGwAZQB0AHQAIAAoADIAMAAxADgAYgApACAALQAgACAAYwByAGUAZABpAGIAbABlACAAbwByACAAYwBvAG4AZgBvAHUAbgBkAGUAZAAgAHcAaABhAHQAIAB3AGUAIABkAG8AIAAoAG4AbwB0ACkAIABrAG4AbwB3ACAAYQBiAG8AdQB0ACAAdwBoAG8AIABzAHUAcABwAG8AcgB0AHMAIABwAGUAYQBjAGUAIAB3AGkAdABoACAAdABoAGUAIABmAGEAcgBjAC4AcABkAGYADwAaAAwATQBhAGMAaQBuAHQAbwBzAGgAIABIAEQAEgCcVXNlcnMvY2FybG9zY2luZWxsaS9Ecm9wYm94L0xpYnJhcnkvRmlsZXMvaGF6bGV0dC9oYXpsZXR0ICgyMDE4YikgLSAgY3JlZGlibGUgb3IgY29uZm91bmRlZCB3aGF0IHdlIGRvIChub3QpIGtub3cgYWJvdXQgd2hvIHN1cHBvcnRzIHBlYWNlIHdpdGggdGhlIGZhcmMucGRmABMAAS8AABUAAgAU//8AAAAIAA0AGgAkALAAAAAAAAACAQAAAAAAAAAFAAAAAAAAAAAAAAAAAAADoA==},
	Bdsk-File-3 = {YnBsaXN0MDDSAQIDBFxyZWxhdGl2ZVBhdGhZYWxpYXNEYXRhXxCJLi4vLi4vLi4vTGlicmFyeS9GaWxlcy9oYXpsZXR0L2hhemxldHQgKDIwMThhKSAtICBjcmVkaWJsZSBvciBjb25mb3VuZGVkIHdoYXQgd2UgZG8gKG5vdCkga25vdyBhYm91dCB3aG8gc3VwcG9ydHMgcGVhY2Ugd2l0aCB0aGUgZmFyYy5wZGZPEQLsAAAAAALsAAIAAAxNYWNpbnRvc2ggSEQAAAAAAAAAAAAAAAAAAAAAAAAAQkQAAf////8faGF6bGV0dCAoMjAxOGEpIC0gI0ZGRkZGRkZGLnBkZgAAAAAAAAAAAAAAAAAAAAAAAAAAAAAAAAAAAAAAAAAA/////wAAAAAAAAAAAAAAAAADAAQAAAogY3UAAAAAAAAAAAAAAAAAB2hhemxldHQAAAIAni86VXNlcnM6Y2FybG9zY2luZWxsaTpEcm9wYm94OkxpYnJhcnk6RmlsZXM6aGF6bGV0dDpoYXpsZXR0ICgyMDE4YSkgLSAgY3JlZGlibGUgb3IgY29uZm91bmRlZCB3aGF0IHdlIGRvIChub3QpIGtub3cgYWJvdXQgd2hvIHN1cHBvcnRzIHBlYWNlIHdpdGggdGhlIGZhcmMucGRmAA4A1gBqAGgAYQB6AGwAZQB0AHQAIAAoADIAMAAxADgAYQApACAALQAgACAAYwByAGUAZABpAGIAbABlACAAbwByACAAYwBvAG4AZgBvAHUAbgBkAGUAZAAgAHcAaABhAHQAIAB3AGUAIABkAG8AIAAoAG4AbwB0ACkAIABrAG4AbwB3ACAAYQBiAG8AdQB0ACAAdwBoAG8AIABzAHUAcABwAG8AcgB0AHMAIABwAGUAYQBjAGUAIAB3AGkAdABoACAAdABoAGUAIABmAGEAcgBjAC4AcABkAGYADwAaAAwATQBhAGMAaQBuAHQAbwBzAGgAIABIAEQAEgCcVXNlcnMvY2FybG9zY2luZWxsaS9Ecm9wYm94L0xpYnJhcnkvRmlsZXMvaGF6bGV0dC9oYXpsZXR0ICgyMDE4YSkgLSAgY3JlZGlibGUgb3IgY29uZm91bmRlZCB3aGF0IHdlIGRvIChub3QpIGtub3cgYWJvdXQgd2hvIHN1cHBvcnRzIHBlYWNlIHdpdGggdGhlIGZhcmMucGRmABMAAS8AABUAAgAU//8AAAAIAA0AGgAkALAAAAAAAAACAQAAAAAAAAAFAAAAAAAAAAAAAAAAAAADoA==}}

@article{cinelli:jrssb2019,
	Abstract = {Summary We extend the omitted variable bias framework with a suite of tools for sensitivity analysis in regression models that does not require assumptions on the functional form of the treatment assignment mechanism nor on the distribution of the unobserved confounders, naturally handles multiple confounders, possibly acting non-linearly, exploits expert knowledge to bound sensitivity parameters and can be easily computed by using only standard regression results. In particular, we introduce two novel sensitivity measures suited for routine reporting. The robustness value describes the minimum strength of association that unobserved confounding would need to have, both with the treatment and with the outcome, to change the research conclusions. The partial R2 of the treatment with the outcome shows how strongly confounders explaining all the residual outcome variation would have to be associated with the treatment to eliminate the estimated effect. Next, we offer graphical tools for elaborating on problematic confounders, examining the sensitivity of point estimates and t-values, as well as `extreme scenarios'. Finally, we describe problems with a common `benchmarking' practice and introduce a novel procedure to bound the strength of confounders formally on the basis of a comparison with observed covariates. We apply these methods to a running example that estimates the effect of exposure to violence on attitudes toward peace.},
	Author = {Cinelli, Carlos and Hazlett, Chad},
	Date-Added = {2019-12-26 12:32:56 -0800},
	Date-Modified = {2020-02-28 16:16:32 -0800},
	Doi = {10.1111/rssb.12348},
	Journal = {Journal of the Royal Statistical Society: Series B (Statistical Methodology)},
	Keywords = {Causal inference, Confounding, Omitted variable bias, Regression, Robustness value, Sensitivity analysis},
	Number = {1},
	Pages = {39-67},
	Title = {Making Sense of Sensitivity: Extending Omitted Variable Bias},
	Volume = {82},
	Year = {2020},
	Bdsk-Url-1 = {https://rss.onlinelibrary.wiley.com/doi/abs/10.1111/rssb.12348},
	Bdsk-Url-2 = {https://doi.org/10.1111/rssb.12348}}
